3117 4700
1537 236 1626 302 34

351 431 586 519 carpit·
650 427 729 496 Εἰ
786 425 870 517 μὴ
935 425 1052 516 γὰρ
1100 422 1401 517 Διονύσῳ
1461 425 1739 519 πομπὴν
1801 430 2146 496 ἐποιοῦντο
2193 431 2304 497 καὶ
2350 425 2578 513 ῧμνεον
2625 419 2803 521 ᾆσμα

349 526 724 618 αἰδοίοισιν,
785 525 1217 603 ἀναιδέστατα
1276 530 1756 624 εἴργασται..
1869 532 1967 603 Τὰ
2029 533 2148 627 γὰρ
2210 530 2595 622 νομιζόμενα
2655 563 2780 604 κατ

348 633 740 730 ἀνθρώπους
784 637 1105 732 μυστήρια
1152 631 1489 731 ἇνιερωστὶ
1534 645 1838 727 μυεῢνται
1887 643 2383 728 (Soh.fr.132.
2439 648 2607 731 133).

531 752 741 836 Saepe
800 772 1063 817 numero
1125 772 1393 835 pravum
1452 751 1628 817 illum
1688 773 1927 818 morem
1981 752 2325 837 Euripides
2387 753 2802 837 reprehendit

349 860 581 945 positis
640 860 722 926 ob
769 860 986 925 oculos
1031 858 1237 949 vitiis,
1304 878 1468 941 quae
1525 858 1593 923 in
1650 859 1765 924 tali
1815 861 1985 924 cultu
2031 861 2577 943 percrebruerant.
2669 863 2800 945 Ap-

352 968 600 1033 tissima
659 974 873 1032 autem
934 968 1186 1032 occasio
1248 965 1423 1030 illam
1484 965 1811 1031 licentiam
1870 966 2213 1032 vellicandi
2275 967 2336 1032 ei
2398 968 2617 1032 oblata
2664 974 2803 1033 erat

354 1074 576 1140 fabula
621 1073 1052 1139 Baccharum:

682 1173 955 1256 Ἰελετὰς
1002 1171 1289 1265 πονηρὰς
1334 1169 1644 1263 εἰσάγων·
1692 1179 1938 1264 γυναιξὶ
1985 1175 2103 1267 γὰρ

671 1280 842 1352 ὅπου
893 1276 1164 1373 βότρυος
1209 1284 1274 1351 ἒν
1321 1283 1498 1353 δαιτὶ
1546 1281 1831 1372 γίγνεται
1878 1279 2087 1372 γάνος,

677 1380 787 1475 οὐχ
830 1382 1003 1479 ὑγιὲς
1052 1379 1235 1458 οὐδὲν
1281 1386 1378 1457 ἔτι
1425 1388 1590 1477 λέγω
1636 1394 1767 1458 τῶν
1812 1380 2043 1479 ὀργίων
2091 1393 2353 1477 (Bacch.
2401 1394 2579 1480 260).

1359 1549 1372 1562 .
1410 1549 1424 1563 .
1472 1486 1543 1576 ὃς
1589 1495 1868 1587 εἰσφέρει
1915 1490 2107 1575 νόσον

655 1601 883 1694 καινὴν
928 1603 1177 1690 γυναιξὶ
1224 1603 1335 1670 καὶ
1382 1602 1528 1692 λέχη
1576 1601 1954 1688 λυμαίνεται
2003 1606 2261 1692 (Bacch.
2310 1601 2487 1692 353).

355 1715 450 1783 Of
501 1714 685 1798 epist.
732 1714 984 1779 Heracl.
1033 1713 1172 1797 VII,
1222 1712 1293 1776 B
1341 1732 1402 1796 p.
1453 1715 1555 1796 75,
1604 1734 1663 1777 v,
1712 1716 1787 1778 9:
1845 1704 1888 1801 ἢ
1932 1705 2126 1800 κόρην
2171 1707 2286 1801 βίᾳ
2331 1713 2806 1801 διαπαρθενευ-

352 1824 590 1887 θεῖσαν
636 1819 702 1886 έν
748 1816 1174 1901 παννυχίσιν.

569 1921 668 1992 Τὰ
714 1913 776 1992 δ
830 1920 970 2013 ιερὰ
1015 1949 1258 2013 νυκτωρ
1302 1917 1346 2013 ἢ
1391 1913 1538 2009 μεθ
1589 1915 1831 2014 ἡμέραν
1876 1928 2113 2006 τελεῖς,-

568 2057 812 2120 νυκτωρ
856 2028 941 2097 τὰ
987 2023 1240 2097 πολλά·
1287 2020 1618 2118 σεμνότητ’
1672 2027 1797 2113 ἔχει
1843 2025 2076 2110 σκότος
2125 2031 2386 2116 (Bacch.
2436 2032 2632 2118 485),

554 2127 783 2222 ’Ἱδοιμ’
836 2129 915 2204 ἂν
960 2126 1176 2225 ὀρθῶς
1221 2131 1586 2205 Μαινάδων
1634 2136 2041 2225 αἰσχρουγίαν
2089 2137 2353 2225 (Bacch.
2407 2142 2625 2221 1062).

535 2247 633 2311 De
689 2246 1149 2312 vaticinatione
1206 2246 1313 2312 hic
1371 2252 1549 2311 extat
1610 2246 1787 2312 locus
1847 2246 1915 2310 in
1977 2246 2140 2311 libro
2202 2246 2281 2311 de
2347 2245 2563 2311 diaeta
2623 2245 2802 2327 (Sch.

320 2355 425 2438 ‚flu
477 2352 628 2439 99):
699 2346 1007 2440 Μαντικὴ
1071 2344 1378 2434 τοιόνδε,
1417 2357 1593 2419 τοῖσι
1651 2357 1988 2442 φανεροῖσι
2042 2347 2126 2419 τὰ
2172 2340 2424 2441 ἇφανέα
2471 2345 2807 2440 γιγώσκειν

356 2458 467 2525 καὶ
512 2464 687 2529 τοῖσι
734 2459 906 2526 έοῦσι
957 2453 1039 2525 τὰ
1085 2457 1422 2542 μέλλοντα.
1519 2460 1727 2526 Simili
1774 2459 1964 2526 modo
2011 2459 2167 2526 dicit
2211 2457 2589 2543 Euripides:

540 2575 586 2631 '.
622 2618 637 2631 .
673 2617 688 2630 .
737 2569 1051 2658 Μαντικῇ
1096 2565 1212 2649 μὲν
1260 2554 1333 2632 οὗ
1379 2553 1564 2652 λέγω,
1611 2553 1776 2643 τοῖς
1799 2558 2136 2652 πράγμασι
2183 2563 2254 2631 δέ
2318 2566 2577 2651 (Bacch.
2626 2564 2807 2651 368).

574 2664 804 2762 Ινώμη
852 2661 914 2739 δ’
969 2661 1198 2761 ἆρίστη
1243 2666 1473 2756 μάντις
1518 2666 1564 2762 ἥ
1608 2660 1662 2737 τ’
1715 2660 2017 2760 εὐβουλία
2064 2671 2234 2759 (Hel.
2286 2673 2463 2758 757).

569 2781 644 2846 In
690 2779 860 2847 hunc
906 2780 1236 2864 Euripidis
1282 2782 1491 2847 locum
1539 2781 1564 2856 <
1571 2781 1705 2845 Alc.
1753 2778 1949 2865 965):

520 2887 524 2894 ’
567 2890 888 2975 Κρεῖσσον
935 2874 1119 2951 οὐδὲν
1168 2874 1485 2972 Ἀνάγκας
1515 2873 1717 2975 εὗρον,
1765 2873 1913 2952 οὖδέ
1944 2909 2009 2952 τι
2041 2878 2383 2976 φάρμακον

571 2985 993 3081 Θρῄσσαις
1040 2992 1120 3059 ἐν
1166 2990 1526 3074 σανίσιν,
1573 2980 2049 3082 τὰςὈρφεία
2095 2989 2498 3079 κατέγραψεν
2528 2992 2719 3080 γῆρυς
2746 3042 2760 3057 .
2790 3043 2805 3059 .

363 3106 541 3166 extat
585 3099 877 3166 scholion
922 3099 1096 3185 apud
1143 3100 1472 3184 Cobetum,
1521 3121 1584 3183 p.
1633 3103 1795 3167 278:
1856 3090 1928 3165 ‘O
1973 3093 2332 3187 φυσικὸς
2373 3090 2811 3188 ίΗρακλει’--

361 3208 501 3293 δης
546 3197 712 3271 εἶναι
756 3196 959 3284 όντως
1005 3205 1169 3295 φησὶ
1214 3204 1481 3284 σανίδας
1526 3201 1706 3284 τινας
1744 3198 2038 3295 ’Όρφεως
2083 3204 2285 3292 λέγων
2331 3199 2566 3283 ου’τως·
2612 3201 2690 3272 τὸ
2737 3208 2814 3276 δὲ

356 3314 474 3378 τοῢ
543 3303 866 3378 Διονυσου
942 3305 1444 3379 κατεσκεύασται
1513 3312 1629 3378 ἐπὶ
1701 3306 1957 3402 Θρᾴκης
2031 3312 2147 3380 ἐπὶ
2220 3315 2338 3377 τοῦ
2411 3311 2812 3396 καλουμένου

363 3419 629 3502 Αἵμου,
701 3410 870 3485 όπου
941 3411 1016 3506 δή
1089 3442 1270 3497 τινας
1336 3418 1401 3485 ἐν
1469 3415 1723 3485 σανίσιν
1791 3407 2168 3508 αναγραφὰς
2227 3411 2392 3485 εἶναί
2453 3440 2701 3507 φασιν.

365 3527 562 3592 Recte
608 3524 763 3591 mihi
808 3524 1063 3591 videtur
1109 3525 1391 3592 Gobetus
1436 3527 1817 3592 vocabulum
1856 3515 2282 3614 εΙῑΙρακλείόης
2328 3525 2698 3592 immutasse
2744 3527 2814 3591 in

363 3633 741 3699 vocabulum
783 3621 880 3695 H
888 3622 1352 3719 ρακλειτος.
1430 3632 1743 3697 Locorum
1774 3633 1961 3717 enim,
2011 3653 2170 3715 quos
2215 3633 2407 3718 paulo
2455 3639 2603 3698 ante
2639 3638 2811 3698 attu-

366 3737 573 3823 limus,
607 3744 903 3823 respectu
927 3759 1054 3804 non
1078 3737 1394 3822 miremur,
1426 3738 1483 3803 si
1505 3739 1869 3805 Heraclitus
1895 3739 2087 3805 etiam
2110 3739 2554 3823 mysteriorum
2578 3738 2812 3823 Orphi-

366 3865 577 3912 corum
608 3845 995 3910 mentionem
1025 3844 1197 3929 fecit,
1228 3843 1423 3926 idque
1455 3864 1531 3910 eo
1564 3844 1791 3929 minue,
1824 3846 1997 3928 quod
2019 3845 2379 3911 Heraclitus
2405 3846 2534 3910 alia
2553 3864 2816 3930 quoque

367 3952 881 4018 commemoravit
926 3970 1093 4034 quae
1140 3950 1225 4015 ad
1270 3971 1541 4017 arcanas
1591 3951 1986 4019 ceremonias
2034 3958 2226 4036 atque
2256 3953 2542 4035 magicas
2588 3972 2813 4037 super-

363 4057 654 4126 stitiones
686 4057 1023 4143 pertinent,
1073 4057 1238 4140 quae
1268 4078 1311 4122 a
1339 4077 1548 4123 rerum
1582 4058 1923 4124 concordia
1953 4059 2265 4143 repetitae
2311 4066 2476 4124 sunt.
2557 4059 2811 4144 (Velutt

360 4161 500 4229 Καὶ
528 4167 705 4230 τοῖσι
734 4151 1062 4249 ἀγάλμασι
1105 4161 1430 4230 τουτέοισι
1474 4155 1783 4246 εὔχονται,
1831 4154 2050 4231 ὁκοῖον
2085 4157 2149 4230 εἴ
2186 4186 2287 4243 τις
2333 4155 2559 4248 δόμοις
2590 4164 2814 4253 λεσχη-

363 4260 631 4360 νεύοιτο,
678 4261 825 4337 οὔτε
867 4261 1197 4358 γινώσκων
1240 4265 1438 4349 θεοὺς
1485 4260 1631 4337 οὔτε
1665 4263 1881 4359 ἥρωας
1913 4269 2148 4349 οἵτινές
2177 4268 2324 4354 εἶσι,
2373 4271 2515 4338 Sch.
2548 4272 2623 4337 fr.
2665 4274 2814 4339 129.

370 4377 513 4442 130.
630 4377 877 4444 Ironice
955 4364 1274 4443 sacrificia
1347 4377 1701 4462 appellavit
1777 4378 2142 4445 Heraclitus
2217 4378 2503 4445 remedia
2587 4367 2813 4468 (ἄκεα)
2935 4463 2944 4472 -
