3117 4700
1428 245 1507 309 17

262 441 629 524 Ec1.1,41,
685 461 746 524 p.
795 441 957 506 906:
1025 427 1402 526 άμοιβάς
1446 463 1526 505 τε
1585 425 2043 525 άναγκαίας
2086 435 2431 522 τιθέμενος
2477 428 2698 527 (Ηρά-

264 545 531 632 κλειτος)
579 545 649 612 ἐκ
694 548 824 611 τῶν
868 543 1194 668 ἐναντίων,
1241 536 1392 613 ὁδόν
1420 569 1492 612 τε
1537 537 1669 612 άνω
1715 528 1893 611 κάτω
1938 537 2162 612 εἰπών.

428 647 606 739 Πρὸς
650 647 768 740 τὴν
812 640 1090 740 άνάγκην
1136 645 1355 719 πάντα
1398 639 1577 718 ταλλ)
1631 640 1759 718 ε’στ
1810 640 2059 740 άσθενῆ
2106 652 2212 739 (N.
2262 651 2335 718 fr.
2385 654 2559 737 301)

416 749 592 847 ’Έφυ
637 756 754 842 μὲν
800 747 1008 838 οὐδεὶς
1054 752 1233 837 ὅστις
1282 786 1355 824 ου
1402 764 1590 825 πονεῖ
1635 761 1903 887 βροτῶν,

431 856 680 931 θάπτει
722 890 792 931 τε
836 864 1030 932 τέκνα
1072 858 1308 992 χᾶτερα
1354 868 1589 932 κτᾶται
1635 863 1746 931 νέα

428 959 619 1049 αυτός
663 995 735 1037 τε
780 964 1090 1060 θνήσκει·
1140 971 1249 1037 καὶ
1296 961 1447 1038 τάδ
1501 963 1820 1054 αχθονται
1865 969 2111 1059 βροτοί,

429 1075 521 1156 εἶς
546 1081 687 1201 εγῆν
731 1077 1034 1167 φέροντες
1080 1081 1232 1167 γῆν
1280 1081 1479 1151 ‹certe
1518 1078 1764 1163 Eripidi
1813 1079 2153 1147 obversata
2197 1085 2344 1144 sunt
2389 1076 2698 1142 Heracliti

264 1185 481 1251 verba:
546 1175 970 1269 ςΗράκλειτος
1030 1210 1181 1272 γουν
1241 1183 1521 1266 κακίζων
1584 1182 1884 1274 φαίνεται
1941 1181 2059 1273 τὴν
2103 1183 2374 1271 γένεσιν,
2436 1175 2702 1249 ἐπειδάν

263 1312 451 1379 φησι·
507 1283 829 1378 γενόμενοι
887 1285 1070 1373 ζώειν
1133 1291 1434 1359 ἐθέλουσι
1493 1285 1729 1380 μόρους
1791 1316 1828 1355 τ
1896 1287 2076 1374 ἔχειν,
2138 1292 2386 1376 μᾶλλον
2430 1277 2496 1356 6²
2549 1278 2703 1356 άνα-

266 1391 611 1477 παῦεσθαι,
659 1398 765 1464 καὶ
818 1400 1064 1477 παῖδας
1095 1395 1568 1466 καταλείπουσι
1598 1391 1836 1487 μόρους
1878 1396 2200 1486 γενέσθαι.
2250 1398 2443 1464 Clem.
2485 1397 2696 1463 Strom

266 1507 371 1589 111,
421 1508 462 1572 3
510 1526 567 1590 p.
613 1508 796 1591 516).

895 1601 1370 1699 ἀναγκαίως
1416 1601 1482 1679 δ’
1535 1607 1727 1696 ἔχει,

437 1714 583 1805 βίον
628 1717 925 1806 θερίζειν,
973 1712 1141 1785 ὥστε
1187 1713 1518 1808 κάρπιμον
1564 1712 1800 1803 στάχυν

438 1825 547 1890 καὶ
593 1819 707 1891 τὸν
750 1826 869 1909 μὲν
913 1820 1099 1905 εἶναι,
1146 1821 1262 1893 τὰν
1293 1827 1363 1893 δὲ
1393 1820 1517 1915 μή.
1568 1826 1679 1897 (cf.
1714 1829 1877 1893 Plut.
1912 1828 2130 1894 consol
2160 1824 2243 1892 ad
2274 1826 2481 1954 Apoll.
2515 1847 2566 1891 c.
2607 1828 2707 1909 10,

266 1953 323 2016 p
379 1934 535 1999 106·
604 1931 715 1996 καὶ
762 1920 800 2021 ᾗ
846 1956 1044 2023 φησιν
1085 1923 1541 2055 (Ηράκλειτος,
1606 1922 1780 1999 ταῦτ’
1848 1928 2012 2000 εἶναι
2076 1933 2198 2014 ζῶν
2241 1931 2352 1998 καὶ
2397 1924 2711 2019 τεθνηκὸς

264 2037 373 2103 καὶ
417 2033 495 2104 τὸ
541 2034 877 2169 ἐγρηγορὸς
925 2039 1034 2105 καὶ
1078 2033 1155 2106 τὸ
1202 2041 1526 2106 καθεῦδον
1573 2039 1684 2106 καὶ
1731 2039 1873 2106 νέον
1915 2039 2025 2106 καὶ
2067 2031 2363 2128 γηραιόν·
2410 2030 2565 2104 τάδε
2592 2033 2712 2125 γὰρ

261 2136 711 2228 μεταπεσόντα
772 2140 982 2212 ἐκεῖνά
1034 2146 1172 2212 εστι
1239 2134 1503 2212 κάκεῖνα
1565 2140 1767 2213 πάλιν
1825 2138 2279 2231 μεταπεσόντα
2339 2147 2561 2211 ταῦτα.
2625 2169 2712 2222 ως

264 2246 383 2337 γὰρ
445 2250 515 2317 ἐκ
571 2254 688 2318 τοῦ
749 2239 949 2318 αὐτοῦ
1010 2253 1225 2341 πηλοῦ
1285 2244 1554 2319 δυναταὶ
1615 2276 1717 2331 τις
1778 2245 2083 2319 πλάττων
2137 2252 2270 2340 ζῷα
2311 2256 2559 2338 συγχεῖν
2604 2249 2710 2316 καὶ

262 2350 468 2424 πάλιν
528 2351 842 2426 πλάττειν
898 2359 1009 2425 καὶ
1069 2365 1321 2445 συγχεῖν
1379 2360 1490 2426 καὶ
1550 2363 1744 2426 τοῦτο
1800 2356 1871 2427 ἓν
1932 2355 2068 2444 πὰρ
2126 2356 2195 2426 ’ἐν
2257 2363 2470 2426 ποιεῖν
2529 2344 2717 2424 nidm-

266 2462 570 2544 λείπτως,
619 2458 786 2532 οὕτω
833 2465 942 2532 καὶ
991 2459 1189 2556 φύσις
1235 2467 1306 2533 ἐκ
1349 2469 1468 2555 τῆς
1514 2453 1713 2556 αὗτῆς
1761 2460 1910 2555 ἶὲλης
1957 2458 2164 2532 πάλαι
2210 2464 2327 2549 μὲν
2373 2459 2522 2542 τοὺς
2554 2487 2717 2549 προ-

263 2564 492 2656 γόνους
538 2561 571 2658 ἦ
579 2573 719 2655 μῶν
762 2560 1018 2656 άνέσχεν
1032 2624 1047 2652 ,
1101 2565 1249 2639 εἶτα
1292 2579 1570 2655 συνεχεῖς
1615 2562 1838 2652 αὐτοῖς
1883 2571 2170 2661 ἐγέννησε
2217 2566 2367 2649 τοὺς
2413 2568 2717 2657 πατέρας,

262 2670 406 2743 εἶτα
463 2668 664 2766 ἡμᾶς,
732 2666 846 2746 εἶτ’
914 2671 1151 2757 ἄλλους
1212 2667 1314 2746 ἐπ’
1386 2670 1612 2758 ἷὶλλοις
1675 2667 2124 2768 άνακυκλήσει.
2228 2677 2466 2744 Confer
2526 2677 2719 2744 etiam

264 2784 521 2851 Schust.
573 2806 633 2869 p.
691 2787 866 2870 127).

1012 2888 1082 2957 τί
1126 2894 1335 2957 ταῦτα
1380 2892 1477 2959 δεῖ

444 2996 707 3078 στένειν,
753 2990 922 3085 ὅπερ
969 2999 1068 3065 δεῖ
1114 2992 1328 3064 κατὰ
1372 2992 1630 3086 φύσιν
1676 2999 2053 3086 διεκπερᾶν,-

449 3098 656 3169 δεινὸν
700 3096 820 3191 γάρ
865 3093 1051 3172 οῦδὲν
1094 3107 1227 3171 τῶν
1272 3093 1641 3192 άναγκαίων
1685 3109 1948 3192 βροτοῖς
1995 3105 2104 3191 (N.
2153 3105 2229 3173 fr.
2278 3107 2458 3190 757).

266 3210 358 3275 Ut
401 3209 470 3275 hi
515 3210 643 3276 duo
688 3211 1019 3297 Euripidis
1063 3233 1311 3296 versus,
1368 3211 1463 3278 ita
1507 3212 1822 3279 Heracliti
1868 3212 2119 3296 μᾶλλον
2163 3199 2227 3277 δ’
2279 3199 2724 3276 ἀναπαύονται

262 3316 396 3382 iam
441 3317 837 3404 significant,
875 3320 953 3439 ’in
999 3339 1212 3386 rerum
1261 3320 1758 3386 commutatione
1806 3319 1897 3384 nil
1946 3319 2099 3384 mali
2146 3338 2322 3402 esse,
2370 3317 2489 3385 sed
2535 3317 2730 3384 etiam

264 3423 663 3508 voluptatem
707 3426 810 3491 vel
857 3412 1261 3504 ἀνάπαυσιν,
1316 3434 1385 3491 ut
1431 3427 1628 3494 refert
1673 3424 2074 3492 Jamblichus
2121 3444 2224 3510 ap.
2273 3425 2452 3490 Stob.
2498 3424 2632 3489 Ecl.
2681 3424 2730 3505 1,

259 3531 376 3613 41,
427 3549 485 3614 p.
534 3532 684 3597 906.
771 3520 1196 3704 Ἠράκλειτος
1251 3529 1369 3615 μὲν
1428 3529 1549 3619 γὰρ
1609 3519 1892 3617 άμοιβὰς
1953 3518 2309 3617 ἀναγκαίας
2353 3526 2615 3598 τίθεται
2663 3527 2732 3594 ἐκ

267 3637 399 3700 τῶν
428 3633 779 3703 ἐναντίων.
864 3688 881 3705 .
930 3639 1043 3705 καὶ
1087 3632 1175 3704 τὸ
1220 3638 1365 3724 μὲν
1410 3644 1593 3717 τοῖς
1640 3624 1942 3715 αὐτοῖς
1987 3635 2439 3720 ἐπιμένειν
2483 3627 2738 3720 κάμα-

260 3766 415 3808 τον
497 3735 757 3825 εἶναι,
843 3740 931 3813 τὸ
1020 3744 1109 3812 δὲ
1200 3738 1766 3834 μεταβάλλειν
1850 3741 2145 3834 φέρειν
2235 3730 2738 3808 άνάπαυσιν.

260 3851 514 3932 Atque:
564 3851 805 3938 ψυχῇσι
834 3849 1068 3939 τέρψιν
1100 3841 1327 3942 ὖγρῇσι
1373 3851 1682 3938 γενέσθαι
1716 3900 1732 3916 .
1769 3904 1781 3917 .
1817 3902 1832 3917 .
1879 3839 2291 3937 μεταβάλλον
2334 3835 2739 3918 άναπαῦεται

258 3955 451 4042 (Sch.
499 3956 572 4022 fr.
623 3958 724 4023 71.
773 3959 857 4025 72
881 3958 970 4043 a).
1070 3961 1140 4024 ln
1187 3956 1418 4025 iisdem
1480 3967 1700 4027 autem
1760 3976 2019 4041 semper
2065 3955 2311 4024 versari
2360 3957 2555 4024 rebus
2602 3973 2744 4020 esse

260 4055 562 4146 κάματον
626 4063 739 4148 (cf.
787 4064 1133 4134 Jamblichi
1200 4066 1409 4132 locum
1471 4087 1674 4151 supra
1735 4066 2004 4132 allatum
2067 4069 2134 4128 et
2182 4063 2384 4130 hunc:
2458 4050 2748 4145 κάματός

260 4167 406 4234 ἐστι
457 4175 597 4248 τοῖς
642 4156 864 4248 αὐτοῖς
905 4175 1183 4255 μοχθεῖν
1240 4169 1351 4236 καὶ
1398 4164 1718 4260 ἄρχεσθαι
1769 4169 1951 4256 (Scb.
2003 4173 2078 4239 fr.
2129 4171 2216 4238 72
2241 4171 2330 4252 b).
2416 4166 2578 4236 lund
2623 4167 2747 4232 Eu·

262 4275 516 4360 ripides
576 4274 819 4342 indicat
880 4278 1012 4345 his:
1087 4274 1524 4369 μεταβολὴ
1597 4267 1935 4344 πάντων
1987 4269 2236 4364 γλυκύ
2298 4275 2524 4358 (On-est
2571 4272 2752 4356 234),

262 4392 668 4469 quapropter
711 4404 853 4451 eum
901 4384 1137 4454 callide
1185 4384 1487 4455 defricuit
1536 4383 1821 4455 comicus
1870 4384 2178 4466 quidam:

2351 2943 2390 2980 Q

2387 4477 2430 4541 2

3073 210 3108 445 ...J-U.
3073 140 3108 203 *ff*
3071 0 3096 135 “-“““““““““
