3117 4700
1549 152 1631 217 27

550 346 902 429 Unicuique
947 353 1161 413 autem
1206 346 1299 413 rei
1346 345 1639 414 diversas
1685 353 1901 431 partes
1965 345 2174 412 inesse
2193 396 2209 429 ,
2275 344 2399 409 iam
2447 363 2644 427 supra
2685 340 2816 408 dic-

362 462 499 519 tum
546 460 662 520 est.
740 453 926 520 Unde
975 461 1151 519 ortae
1199 461 1347 519 sunt
1377 454 1685 520 Heracliti
1729 452 2104 537 sententiae,
2154 459 2222 517 ut
2267 447 2523 517 δίκαιον
2567 440 2813 529 ἄδικον,

361 546 620 645 aya-952»
664 557 775 624 καὶ
822 554 1021 625 κακὸν
1064 547 1300 626 ταῦτόν
1332 560 1510 643 (Sch.
1544 582 1603 645 p.
1638 562 1787 645 237,
1834 560 2015 645 Byw.
2047 559 2122 625 fr.
2153 557 2303 644 57),
2358 551 2448 622 τὸ
2496 544 2818 642 ἀγαθὸν

366 664 506 730 καὶ
566 659 658 731 τὸ
720 660 966 732 κακὸν
1026 663 1144 744 εἷς
1203 654 1458 733 ταῦτό
1519 664 1902 733 συνιέναι
1965 664 2139 753 (Sch.
2203 686 2262 749 p.
2309 666 2441 731 232
2486 663 2660 747 adn.)
2735 662 2818 726 Et

366 772 726 856 Euripidis:
804 764 1219 856 σῦμμικτα
1284 767 1380 860 μή
1453 769 1740 840 δίκαια
1808 771 1943 837 καὶ
2000 758 2249 838 δίκαι’
2320 759 2522 852 ὁμοῦ
2583 768 2691 852 (N.
2740 768 2816 833 fr.

364 878 564 964 433);
610 873 700 946 τὸ
746 872 1002 944 καλὸν
1049 866 1139 944 οὗ
1184 872 1439 946 καλόν
1472 878 1608 966 (Or.
1641 878 1817 966 819).
1880 877 2219 945 Heracliti:
2265 874 2498 962 τέρψις
2537 861 2817 961 ἀτερψίη

366 984 544 1073 (Sch.
593 1005 654 1070 p.
705 989 833 1053 23ss
894 993 960 1053 et
1004 988 1084 1052 al.
1134 986 1204 1066 l.)
1264 986 1434 1052 idem
1491 994 1592 1054 est
1637 985 1811 1070 quod
1855 984 2216 1070 Euripidis:
2286 975 2563 1069 τερπνὸν
2617 973 2818 1047 κακὸν

368 1092 663 1177 (Hippol.
711 1090 889 1178 383).
983 1093 1107 1158 Hic
1153 1091 1234 1158 de
1270 1113 1493 1160 amore
1542 1092 1732 1160 dicit:

532 1191 879 1279 ‘'Hdtovov,
949 1184 1002 1263 ὦ
1061 1201 1221 1278 παῖ,
1289 1187 1525 1265 ταῦτόν
1594 1187 1885 1286 ἆλκγεινόν
1943 1186 2012 1265 θ’
2080 1191 2218 1281 ἅμα
2286 1195 2572 1283 (Hippol.
2633 1193 2817 1281 348),

367 1304 596 1372 eodem
655 1306 846 1373 modo
907 1306 1047 1373 ille:
1121 1307 1246 1372 mel
1305 1313 1371 1372 et
1432 1307 1619 1374 dulce
1680 1317 1746 1374 et
1802 1307 2105 1374 acerbum
2168 1325 2311 1372 esse
2373 1302 2576 1390 (Sext.
2635 1302 2817 1387 Emp.

368 1412 592 1497 Pyrrh.
644 1413 723 1497 ΙΙ,
774 1411 907 1498 63).

548 1520 589 1585 J
610 1538 836 1585 ovem
884 1519 1092 1601 (cuius
1139 1520 1280 1586 loco
1328 1519 1672 1606 Euripides
1719 1519 2038 1587 interdum
2083 1515 2322 1606 αἰθέρα
2367 1516 2577 1602 ponit,
2638 1522 2709 1581 ut
2754 1514 2818 1580 in

368 1625 729 1710 fragmento
761 1628 926 1692 869:
974 1613 1112 1691 ἀλλ’
1150 1619 1356 1713 αἰθὴρ
1386 1623 1592 1693 τίκτει
1623 1646 1714 1707 σε,
1762 1618 1940 1713 κόρα,
1971 1619 2135 1703 Ζεὺς
2162 1611 2235 1703 ὃς
2264 1612 2645 1709 ἀνθρώποις
2675 1608 2820 1688 ὀνο-

367 1723 659 1814 μάζεται,
707 1734 784 1799 cf.
831 1732 1137 1799 Heracliti
1185 1734 1382 1799 verba
1427 1727 1590 1811 Ζεὺς
1635 1730 1961 1820 αἰθέριος)
2009 1740 2074 1797 et
2119 1732 2559 1797 Plutonem
2604 1727 2822 1794 idem

369 1858 557 1905 esse
602 1839 705 1904 vel
737 1839 860 1905 hoc
890 1840 1233 1906 Heracliti:
1280 1830 1319 1927 ἦ
1373 1832 1599 1928 πρώτη
1647 1824 1758 1905 οὖν
1803 1835 1988 1906 αἰτία
2032 1828 2069 1924 ἦ
2120 1833 2381 1917 δείξασα
2411 1825 2567 1923 ἡμῖν
2594 1828 2822 1903 τὸτοῦ

368 1934 556 2032 ἡλίου
603 1947 761 2033 φῶς,
808 1936 847 2033 ἦ
898 1933 1056 2033 αὐτὴ
1105 1937 1263 2034 ἡμῖν
1306 1944 1417 2012 καὶ
1475 1940 1589 2013 τὸν
1635 1939 1908 2034 ζοφερὸν
1955 1936 2116 2033 ᾅδην
2159 1934 2297 2029 ἄγει
2354 1942 2531 2029 (Sch.
2579 1942 2653 2008 fr.
2703 1940 2818 2027 63)

368 2050 622 2118 videtur
666 2052 821 2118 mihi
866 2053 1211 2138 Euripides
1259 2053 1325 2118 in
1370 2061 1586 2119 mente
1635 2052 1906 2118 habere:

792 2157 911 2224 Σοὶ
954 2161 1053 2247 τῷ
1098 2150 1364 2224 πάντων
1407 2156 1708 2243 μεδέοντι
1749 2152 1907 2244 χοὴν

788 2257 1071 2332 πέλανόν
1116 2289 1186 2332 τε
1209 2262 1407 2355 φέρω,
1457 2262 1666 2344 Ζεὺς
1711 2252 1850 2330 οἵτ’
1895 2251 2185 2353 Ἀίδης

791 2360 1258 2457 ὀνομαζόμενος
1303 2372 1612 2462 στέργεις.

544 2481 906 2548 Heraclitus
953 2488 1024 2547 ut
1066 2500 1247 2547 suam
1295 2480 1379 2549 de
1424 2500 1642 2549 rerum
1689 2479 2062 2548 diversitate
2109 2480 2490 2547 sententiam
2521 2481 2814 2566 illustret,

366 2589 560 2656 variis
607 2587 806 2655 utitur
850 2587 1181 2673 exemplis,
1228 2588 1409 2655 velut
1455 2588 1887 2673 ambiguitate
1932 2588 2226 2656 vocabuli
2269 2592 2444 2673 βιοςε
2506 2589 2625 2653 τοῦ
2668 2584 2817 2674 βίου

369 2687 571 2779 ὄνομα
616 2690 779 2782 βίος,
825 2689 1010 2780 ἔργον
1055 2691 1129 2759 δὲ
1172 2683 1469 2772 θάνατος
1518 2694 1702 2781 (Sch.
1749 2696 1823 2761 fr.
1878 2693 2051 2780 139),
2099 2714 2288 2778 quam
2332 2693 2704 2780 Euripidem
2751 2696 2817 2762 in

368 2801 737 2870 Phoenissis
784 2801 1185 2885 significasse
1232 2799 1361 2866 iam
1406 2801 1854 2870 Valkenaerus
1900 2801 2228 2886 probavit:

1276 2895 1370 2972 01³>
1417 2893 1482 2972 δ’
1537 2897 1887 2974 ἀποίσεται
1931 2904 2077 2994 βίον

641 3016 723 3104 τῇ
766 3005 1128 3102 καλλιτόξῳ
1173 3013 1370 3102 μητρὶ
1418 3005 1771 3081 Μαινάλου
1819 3006 1975 3103 κόρῃ
2023 3013 2289 3101 (Phoen.
2344 3015 2560 3100 1161).

546 3123 887 3188 Manifesto
935 3128 1153 3188 autem
1200 3121 1548 3207 Euripides
1596 3122 1903 3190 Heracliti
1967 3124 2172 3190 locum
2219 3121 2505 3190 imitatus
2550 3131 2652 3190 est
2698 3123 2818 3190 eis·

375 3230 520 3296 dem
567 3231 766 3297 ferme
813 3228 1062 3296 verbis.

505 3323 609 3401 01³2
653 3332 840 3422 βίος
885 3322 1218 3423 ἆληθῶς
1263 3324 1299 3400 ὃ
1343 3330 1559 3420 βίος,
1606 3323 1816 3401 ἀλλὰ
1859 3327 2244 3425 συμφορά
2291 3335 2452 3422 (Alc
2503 3336 2682 3422 802).

498 3433 571 3507 ‘0
614 3437 798 3528 βίος
843 3437 984 3528 γὰρ
1030 3428 1250 3524 όνομ
1302 3436 1469 3524 ε’χει
1518 3434 1769 3521 πόνος
1814 3435 2059 3529 γεγώς
2105 3442 2213 3529 (N.
2259 3445 2331 3509 sr.
2378 3444 2559 3530 95⁷).

548 3548 745 3615 Aliud
793 3550 1151 3634 exemplum
1188 3547 1548 3615 Heraclitus
1595 3547 1816 3615 affert:
1866 3541 2258 3615 Θάλασσα
2302 3542 2514 3637 ὕδωρ
2559 3555 2818 3616 καθα-

372 3645 742 3740 ρώτατον
820 3654 954 3721 καὶ
1027 3645 1583 3742 μιαρώτατον,
1662 3647 1882 3738 ἰχθύσι
1948 3655 2066 3739 μὲν
2135 3647 2413 3739 πότιμον
2481 3682 2592 3722 και
2665 3677 2817 3723 σω-

374 3753 691 3848 τήριον,
738 3748 1118 3848 ἀνθρώποις
1164 3760 1233 3828 δὲ
1278 3753 1531 3828 ἄποτον
1577 3760 1687 3828 καὶ
1734 3751 2125 3848 ὀλέθριον
2171 3763 2348 3848 (Sch.
2381 3765 2456 3830 fr.
2489 3767 2594 3849 83,
2639 3764 2816 3850 Byw.

376 3869 451 3933 fr.
498 3869 637 3952 52).
730 3866 907 3935 Idem
955 3868 1109 3935 dicit
1154 3868 1492 3953 Euripides
1539 3868 1620 3934 de
1666 3869 1927 3936 muliere
1974 3867 2201 3954 (N.·fr.
2252 3872 2399 3944 79›:

515 3979 800 4042 Γυναῖκα
858 3975 964 4041 καὶ
1031 3963 1392 4064 ὠφελίαν
1447 3974 1557 4042 καὶ
1616 3967 1861 4042 νόσον
1919 3963 2103 4062 ἀνδρὶ
2149 3974 2366 4064 φέρειν
2408 3973 2819 4064 μεγίσταν

700 4077 963 4160 ἐδίδαξα
1010 4069 1201 4168 τώμῷ
1245 4072 1433 4169 λόγῳ.

562 4189 737 4255 Bene
783 4208 937 4272 ergo
985 4189 1391 4256 constitutum
1438 4208 1582 4256 esse
1626 4188 1718 4256 ait
1747 4189 2133 4274 Heraclitus,
2182 4189 2472 4258 diversas
2517 4191 2620 4258 vel
2668 4211 2813 4256 con-
2889 4225 2904 4246 ·

380 4294 614 4362 trarias
662 4315 763 4362 res
810 4296 974 4362 inter
1018 4316 1088 4363 se
1134 4294 1505 4364 commixtas
1549 4315 1724 4381 esse,
1790 4296 2021 4380 quibus
2083 4296 2216 4364 vita
2269 4298 2473 4366 omnis
2518 4305 2818 4366 nascatur
