3117 4700
1522 227 1570 300 4

314 437 517 531 (neue
573 435 857 511 Studien
927 460 1049 508 zur
1103 434 1502 508 Geschichte
1577 436 1703 508 der
1765 433 2103 531 -Begriffe,
2177 435 2231 507 Ι.
2285 433 2481 507 Heft:
2549 433 2772 507 Hera-

312 563 558 649 cleum,
614 561 869 635 Gothae
932 561 1161 651 1876)
1217 562 1615 656 acciperem.
1705 559 1936 656 Atque
1992 561 2188 633 etiam
2244 583 2425 655 quae
2471 560 2772 632 Zellerus

310 687 744 781 (Geschichte
817 687 944 762 der
976 754 979 755 γ
1012 684 1268 757 Philos.
1325 687 1389 758 d.
1447 683 1813 772 Griechen,
1884 685 1946 773 I,
2013 687 2080 756 4.
2137 687 2239 757 ed
2296 684 2475 781 Lips
2539 686 2772 777 1877)

311 813 398 885 de
434 809 784 883 Heraclito
820 817 892 881 et
928 810 1349 906 Anaxagora
1403 812 1734 907 exposuit,
1791 810 2074 906 perlegi.
2167 807 2489 882 Ceterum
2529 811 2770 881 mirum

307 935 451 1008 fere
518 935 789 1006 videtur
853 958 1024 1020 esse,
1099 936 1282 1030 quod
1355 934 1662 1007 eruditus
1737 935 1854 1007 ille
1930 935 2030 1006 vir
2097 934 2170 1006 in
2223 933 2561 1007 Heracliti
2621 956 2771 1007 sen-

309 1061 531 1132 tentiis
603 1060 1029 1155 exponendis
1047 1114 1062 1145 ,
1135 1082 1315 1154 quae
1390 1058 1793 1132 Schusterus
1867 1059 2588 1154 Teichmuellerusque
2666 1084 2771 1130 ar-

309 1186 653 1279 gutissime
717 1185 1319 1280 investigaverunt,
1401 1185 1702 1256 nondum
1769 1185 2082 1279 suscepit.
2194 1182 2279 1254 In
2350 1182 2771 1256 Valkenaeri

311 1310 601 1381 diatribe
655 1311 726 1380 in
763 1309 1108 1404 Euripidis
1160 1308 1547 1405 fabularum
1593 1309 2018 1404 perditarum
2054 1308 2378 1401 reliquias
2417 1308 2589 1379 nihil
2623 1308 2770 1379 fere

306 1435 611 1528 repperi,
667 1435 853 1529 quod
906 1434 1063 1505 usui
1117 1439 1312 1521 esset,
1381 1440 1867 1529 praeterquam
1923 1433 2110 1528 quod
2162 1455 2303 1503 non
2356 1434 2577 1504 omnia
2630 1432 2767 1503 Eu-

306 1557 548 1651 ripidis
601 1557 978 1653 fragmenta
1003 1595 1018 1605 „
1032 1559 1150 1631 illo
1204 1558 1380 1630 libro
1438 1558 1885 1631 continentur.

486 1699 740 1785 Quodsi
792 1700 1205 1795 respexeris,
1274 1700 1403 1772 hoc
1454 1701 1526 1771 in
1584 1723 1833 1794 genere
1888 1700 2222 1771 neminem
2276 1721 2515 1786 unum,
2580 1699 2766 1793 quod

308 1847 433 1918 ego
508 1824 786 1919 quidem
850 1825 1081 1912 sciam,
1154 1830 1492 1896 versatum
1568 1848 1715 1896 esse
1797 1846 2024 1919 neque
2113 1825 2271 1895 satis
2342 1825 2768 1919 explanasse,

308 1973 446 2044 qua
512 1950 586 2020 in
651 1949 912 2021 ratione
964 1947 1427 2044 Anaxagorae
1484 1953 1554 2020 et
1609 1948 1941 2020 Heracliti
2013 1947 2443 2044 philosophia
2494 1948 2603 2035 sit,
2677 1970 2767 2018 ne

305 2074 797 2162 inclementem,
873 2096 1123 2168 quaeso
1139 2131 1154 2162 ,
1213 2075 1656 2165 'sententiam
1712 2074 1800 2145 de
1871 2073 1976 2144 his
2048 2097 2392 2145 musarum
2464 2095 2767 2144 mearum

305 2197 617 2292 primitiis
670 2198 866 2270 feras,

490 2409 859 2510 Mettena
878 2435 944 2497 e,
1001 2434 1178 2482 anno
1234 2406 1889 2485 MDGCOLXXIX.

1996 2735 2135 2811 Fr.
2191 2733 2600 2802 Lommer.
