3117 4700
1578 234 1667 299 20

397 426 590 492 Tales
638 432 849 492 autem
911 426 1269 492 sententiae
1326 446 1640 510 nusquam
1697 427 2103 493 inveniuntur
2148 427 2322 512 apud
2366 428 2834 514 Anaxagoram3

398 533 509 617 qui
554 554 590 599 e
639 533 954 599 contrario
999 540 1266 599 mortem
1313 553 1455 599 esse
1500 535 1950 600 necessitatem
1983 540 2244 618 putasse
2276 535 2547 620 videtur,
2596 542 2665 602 ut
2712 558 2838 603 non

397 640 670 724 amplius
716 640 912 705 vitam
962 638 1264 725 deinceps
1310 642 1448 706 fore
1490 642 1771 707 sentiret.
1848 642 2113 707 Praeter
2143 641 2504 725 fragmenta
2533 644 2841 711 Heracliti

397 767 591 833 supra
636 748 834 814 allata
879 745 1053 831 (Sch.
1100 748 1174 814 fr.
1226 746 1514 833 70--73)
1574 748 1897 832 proferam
1951 747 2112 814 haec
2159 768 2443 832 quoque:
2515 736 2839 816 ἀθάνατοι

393 850 660 942 θνητοί,
719 851 955 942 θνητοὶ
1017 841 1340 919 ἀθάνατοι
1359 875 1372 888 ·
1436 852 1663 933 ζῶντες
1721 848 1834 920 τὸν
1897 851 2153 921 ἐκείνων
2208 847 2531 937 θάνατον,
2593 851 2708 922 τὸν
2770 856 2841 923 δὲ

395 957 652 1027 ἐκείνων
683 957 827 1047 βίον
857 961 1206 1038 τεθνεῶτες
1253 959 1428 1044 (Sch.
1462 961 1536 1026 fr.
1573 963 1701 1039 60).
1778 962 1896 1027 Et:
1945 960 2156 1038 καλῶς
2187 954 2368 1028 εἶπεν
2395 952 2837 1050 εΗροίκλειτος,

398 1061 500 1133 ὅτι
548 1064 615 1134 αἱ
665 1066 867 1155 ψυχαὶ
915 1054 1242 1150 ὀσμῶνται
1271 1054 1424 1131 καθ>
1464 1060 1694 1154 Ἅιδην
1730 1066 1905 1154 (Sch.
1940 1068 2013 1134 fr.
2051 1071 2088 1134 7
2092 1069 2201 1154 0);
2249 1069 2592 1154 praecipue
2626 1078 2841 1137 autem

396 1175 550 1242 hoc:
621 1175 768 1238 τοῦ
813 1170 996 1260 βίου
1055 1163 1362 1256 οὔνομα
1418 1169 1640 1260 βίος,
1703 1168 1943 1262 ἔργον
2001 1174 2088 1241 δὲ
2131 1167 2493 1254 θάνατος
2541 1175 2717 1264 (sch.
2766 1178 2840 1244 fr.

403 1282 577 1366 139).
686 1280 911 1363 Neque
972 1300 1125 1346 vero
1184 1279 1373 1346 aliter
1437 1281 1633 1346 sentit
1692 1281 2035 1366 Euripides
2106 1290 2328 1367 aperte
2394 1283 2573 1349 illum
2632 1285 2842 1351 locum

400 1388 771 1473 significans
817 1385 954 1453 hist
2747 1385 2756 1391 ’

577 1500 665 1578 οὗ
710 1508 894 1599 βίος
938 1499 1268 1600 ἀληθῶς
1313 1507 1532 1599 βίος,
1596 1499 1806 1578 ἀλλὰ
1851 1505 2231 1601 συμφορά
2278 1513 2439 1600 (Alc.
2489 1513 2647 1601 802)
2697 1521 2761 1581 et
2807 1505 2842 1580 ὃ

397 1616 576 1706 βίος
633 1613 782 1705 γὰρ
841 1604 1065 1701 ἷ)’νομ3
1132 1613 1299 1699 ἔχει
1361 1608 1617 1696 πόνος
1672 1610 1915 1704 γεγώς
1962 1619 2047 1705 (v.
2094 1621 2170 1685 N.
2219 1620 2293 1686 fr.
2341 1620 2517 1707 957).
2615 1621 2844 1703 Neque

399 1726 623 1809 effugit
667 1724 1169 1809 Valkenaerum‚
1229 1744 1416 1807 quam
1463 1731 1690 1808 argute
1736 1724 2076 1810 Euripides
2122 1727 2605 1810 ambiguitatem
2650 1748 2842 1793 voca-

394 1834 533 1900 buli
581 1836 800 1920 ’,βιοςιι
850 1827 1021 1917 (βίος
1083 1837 1147 1897 et
1192 1823 1358 1917 βιός)
1406 1830 1703 1915 designet
1747 1831 1882 1898 hist

845 2034 848 2038 .
1251 1942 1391 2020 οὐδ’
1445 1942 1795 2049 ἆποίσεται
1841 1952 1985 2042 βίον

652 2064 734 2150 τῇ
779 2053 1137 2148 καλλιτόξῳ
1182 2059 1376 2150 μητρὶ
1422 2053 1773 2127 Μαινάλου
1819 2053 1976 2150 κόρῃ
2025 2061 2289 2149 (Phoen.
2343 2062 2560 2146 1161).

399 2174 625 2254 Itaque
656 2168 868 2234 nonis
900 2167 1095 2234 miser
1125 2175 1241 2252 est,
1290 2168 1467 2251 quie
1497 2170 1634 2234 vita
1664 2168 1956 2252 discedit,
2006 2169 2122 2235 sed
2169 2170 2280 2253 qui
2323 2170 2388 2234 in
2436 2191 2579 2236 eam
2625 2170 2837 2254 ingre-

401 2278 586 2343 ditur.
649 2274 977 2361 Euripidis
1007 2294 1229 2341 versus
1261 2281 1409 2341 sunt
1438 2297 1479 2341 a
1511 2276 1817 2342 Cicerone
1853 2276 2048 2341 latine
2079 2275 2249 2342 versi
2285 2275 2569 2363 (Tuscul.
2604 2278 2652 2362 Ι,
2685 2276 2842 2363 48):

612 2401 820 2486 „Nam
864 2421 980 2467 nos
1028 2399 1300 2468 decebat
1347 2406 1568 2467 coetus
1616 2402 1996 2468 celebrantis
2045 2401 2301 2468 domum

610 2510 851 2591 lugere,
898 2507 1007 2573 ubi
1052 2514 1224 2574 esset
1270 2508 1502 2591 aliquis
1549 2509 1616 2573 in
1664 2509 1869 2574 lucem
1916 2507 2145 2592 edituS,
2180 2569 2186 2578 ,

611 2615 944 2681 humanae'
967 2614 1109 2680 vita
1152 2614 1329 2681 varia
1378 2615 1734 2700 reputantis
1780 2616 1979 2700 mala;

501 2706 509 2714 ⁸
611 2728 682 2788 at
727 2722 837 2805 qui
882 2722 1134 2788 labores
1180 2729 1383 2788 morte
1430 2722 1677 2788 finisset
1724 2722 1957 2807 gravis,

546 2813 551 2818 ⁵
612 2829 782 2895 hunc
828 2828 999 2894 omni
1044 2828 1283 2894 amicos
1331 2827 1521 2894 laude
1569 2835 1633 2895 et
1680 2829 1928 2894 laetitia
1973 2828 2281 2910 exsequi“
2329 2828 2436 2914 (N.
2483 2827 2556 2893 fr.
2604 2826 2787 2914 452).

399 2937 504 3003 Ad
548 2938 816 3002 alteram
862 2928 1075 3001 autem
1121 2936 1476 3002 sententiae
1508 2935 1912 3001 Heracliteae
1952 2942 2217 3020 partem,
2265 2940 2531 3000 mortem
2576 2954 2719 3001 esse
2766 2955 2838 3001 re

400 3063 555 3111 vera
598 3043 797 3109 vitam
844 3049 907 3108 et
955 3029 1340 3122 ἀνάπαυσιν,
1388 3043 1708 3127 pertinent
1754 3042 1821 3107 hi
1865 3040 2195 3126 Euripidis
2239 3061 2498 3107 versus:

582 3162 700 3243 Τίς
746 3153 810 3231 δ’
864 3156 1052 3246 οἶδεν,
1099 3163 1156 3232 εἰ
1202 3165 1345 3254 ζῆν
1389 3153 1613 3231 τοῦθ’
1665 3153 1702 3232 ὃ
1746 3162 2160 3254 κέκληται
2203 3168 2529 3245 θανεῖν,

577 3267 652 3337 τὸ
715 3271 851 3361 ζῆν
909 3271 980 3337 δὲ
1037 3264 1450 3360 θνήσκειν
1509 3269 1725 3352 ἐστίς
1788 3273 1831 3358 (1
1878 3295 1938 3339 v.
1987 3273 2064 3338 N.
2113 3271 2187 3338 fr.
2236 3274 2395 3352 830)
2444 3290 2604 3355 quos
2652 3271 2851 3336 etiam

404 3379 701 3465 Origines
732 3378 1080 3463 respiciens
1115 3379 1360 3445 confert
1392 3399 1533 3445 cum
1564 3379 1996 3446 Ecclesiastae
2029 3379 2379 3445 sententia:
2430 3377 2643 3444 omnia
2673 3398 2850 3444 vana

404 3495 467 3554 et
507 3507 608 3570 qu.
659 3506 789 3569 seq.
860 3486 1085 3568 Neque
1132 3485 1339 3552 minus
1385 3485 1510 3552 huc
1557 3491 1884 3570 spectant:

586 3606 701 3688 Ίίς
747 3598 810 3676 δ’
865 3603 1053 3691 οἶδεν,
1100 3607 1157 3676 εἶ
1201 3604 1277 3675 τὸ
1326 3610 1478 3698 ζῆν
1521 3608 1639 3693 μέν
1684 3608 1822 3676 ἐστι
1867 3612 2357 3690 κατθανεῖν,

583 3710 679 3782 Τὸ
725 3720 1175 3782 κατθανεῖν
1221 3715 1294 3782 δὲ
1338 3716 1479 3805 ζῆν
1524 3708 1702 3782 κάτω
1749 3711 2075 3800 νομίζεται
2120 3714 2164 3803 (l
2212 3716 2289 3781 N.
2337 3716 2411 3781 fr.
2461 3713 2640 3801 639).

405 3824 607 3903 Quam
655 3824 1037 3889 sententiam
1084 3843 1166 3889 ex
1208 3823 1517 3889 Heracliti
1564 3823 1779 3889 libello
1827 3821 2202 3907 repetivisse
2246 3820 2617 3906 Euripidem
2665 3827 2846 3888 certe

404 3930 718 3997 neminem
765 3930 1041 4013 effugiet.
1134 3931 1372 3997 Facete
1431 3937 1646 3997 autem
1699 3929 1866 3995 hanc
1911 3931 1991 3995 ob
2039 3949 2169 3995 rem
2215 3927 2541 3994 vellicavit
2585 3926 2845 4012 Euripi-

404 4036 551 4102 dem
610 4035 878 4102 mordax
932 4036 1037 4102 ille
1101 4037 1376 4103 comicus
1437 4042 1632 4120 atque
1689 4042 1903 4103 aetate
1960 4035 2165 4101 minor
2210 4034 2530 4118 aequalis,
2596 4034 2848 4100 Aristo-

404 4142 648 4225 phanes
695 4142 760 4207 in
808 4142 982 4208 ranis
1026 4165 1085 4209 v.
1139 4144 1342 4209 1477:

727 4262 845 4342 Τίς
891 4259 1078 4344 οἶδεν,
1126 4263 1183 4332 εὶ
1226 4262 1303 4332 τὸ
1350 4266 1463 4356 ζῆν
1506 4265 1623 4352 μέν
1668 4263 1804 4334 ἔστι
1852 4268 2221 4347 κατθανεῖν,

721 4365 796 4435 τὸ
844 4375 1029 4437 πνεῖν
1074 4371 1148 4437 δὲ
1191 4372 1496 4461 δειπνεῖν,
1542 4369 1619 4441 τὸ
1667 4373 1738 4441 δὲ
1782 4364 2122 4440 καθεύδειν
2168 4364 2441 4460 κῴδιονς
