3117 4700
1534 185 1619 252 31

574 374 666 447 Τὸ
708 374 829 467 γὰρ
873 377 1131 506 ofvacv
1175 367 1548 468 ἀνθρώπων
1595 371 1821 457 πόλεις

563 475 734 552 τοῦτ’
785 476 953 568 ἔσθ,
999 510 1158 553 οταν
1200 510 1301 565 τις
1344 481 1503 565 τοὺς
1543 478 1780 570 νόμους
1823 476 1995 574 σώζῃ
2040 485 2252 563 καλῶς
2314 485 2569 572 (Suppl.
2618 485 2796 572 312).

530 593 619 660 Ut
662 593 1035 680 Euripides,
1102 593 1194 661 ita
1240 593 1636 678 Heraclitus,
1704 600 1944 677 quanto
2006 600 2145 659 erat
2199 612 2416 659 amore
2460 592 2796 678 libertatis,

355 701 421 766 in
467 699 616 767 odio
662 700 942 768 habebat
988 709 1295 786 tyrannos
1342 709 1409 767 et
1453 721 1719 768 aversus
1771 709 1911 766 erat
1954 701 2037 766 ab
2082 698 2505 766 immoderata
2548 699 2796 767 ratione

351 807 648 894 populari
693 805 779 894 (v.
827 808 995 893 Sch.‚
1044 829 1105 892 p.
1153 810 1283 876 358
1331 815 1395 874 et
1442 826 1502 891 q.
1550 828 1709 890 seq.,
1757 827 1818 891 p.
1868 809 1995 873 377
2043 813 2109 874 et
2154 828 2211 890 q.
2261 804 2344 893 s.)

426 902 431 907 ⁵
530 913 654 994 Qui
698 935 995 1000 pugnans
1042 915 1414 982 interfectus
1460 922 1591 999 est,
1650 914 1830 979 illum
1875 922 1942 980 et
1986 912 2094 979 dei
2139 920 2205 979 et
2249 912 2538 979 homines
2585 913 2800 979 colunt

354 1007 782 1110 (ἆρηιφᾶτους
828 1019 891 1088 οῖ
938 1020 1091 1088 θεοὶ
1135 1023 1372 1106 τιμῶσι
1417 1020 1530 1087 καὶ
1577 1011 1946 1108 ἅνθρωποι,
1995 1019 2140 1087 Sch.
2189 1021 2264 1087 fr.
2319 1020 2492 1105 119).

989 1143 1073 1212 Εἰ
1116 1140 1238 1233 γὰρ
1281 1143 1445 1212 εἰσιν
1490 1141 1555 1212 οἱ
1599 1144 1753 1211 θεοὶ
1795 1140 2017 1233 σοφοί,

669 1243 947 1339 ε’ὗψυχον
991 1243 1193 1339 ἔνὸρα
1238 1248 1572 1336 πολεμίων
1614 1239 1893 1319 θανόνθ’
1944 1245 2076 1317 {jao

672 1348 887 1449 κούφῃ
934 1356 1459 1443 καταμπίσχουσι
1503 1358 1571 1425 ἐν
1613 1351 1839 1446 τύμβῳ
1880 1355 2076 1441 χθονί
2123 1358 2295 1445 (Hel.
2343 1357 2522 1445 851).

1505 1574 1654 1654 §2-

530 1698 632 1763 Ab
695 1697 1005 1764 inertibus
1052 1703 1117 1763 et
1162 1695 1434 1780 ignavis,
1493 1704 1762 1763 eventus
1806 1697 2095 1762 variante
2142 1697 2416 1781 fortuna,
2465 1705 2801 1781 superatos

359 1804 744 1887 aliquotiens
803 1803 977 1871 viros
1039 1804 1239 1870 fuisse
1300 1810 1705 1889 praestantes
1764 1803 2128 1871 Heraclitus
2189 1804 2462 1889 monuit,
2532 1810 2602 1869 ut
2663 1803 2801 1871 eius

352 1911 553 1978 verba
608 1911 802 1979 vertit
856 1911 1229 1977 Ammianus
1289 1911 1483 1978 Marc.
1548 1911 1739 1995 XXI,
1807 1912 1921 1996 16,
1988 1914 2085 1978 14.
2187 1909 2367 1979 Idem
2420 1911 2616 1978 sentit
2671 1911 2797 1978 Eu-

354 2017 633 2103 ripides:

526 2112 823 2192 Ἐσθλῶν
868 2123 1133 2204 κακίους
1179 2112 1366 2191 ἐνίοτ’
1418 2111 1850 2211 εὐτυχέστεροι
1896 2126 2068 2210 (Hel.
2124 2123 2339 2211 1213).

532 2231 852 2298 Πολλοὶ
884 2230 1165 2311 κακοὶ,
1199 2220 1405 2318 ὀλίγοι
1438 2230 1509 2298 δὲ
1539 2219 1785 2318 ἆγαθοί
1809 2231 1900 2297 ait
1923 2230 2282 2298 Heraclitus
2307 2232 2482 2320 (Sch.
2500 2232 2575 2298 fr.
2604 2234 2689 2299 26
2709 2231 2798 2318 b),

354 2347 421 2407 et
466 2338 841 2425 Euripides·

531 2438 721 2525 Δὸξω
766 2471 838 2513 τε
880 2450 1022 2525 τοῖς
1068 2447 1371 2524 πολλοῖς·
1420 2443 1728 2510 πολλοὶ
1774 2440 1894 2532 γὰρ
1939 2442 2190 2511 κακοί
2236 2445 2406 2531 (Iph.
2455 2446 2529 2511 T.
2578 2447 2756 2530 678).

353 2553 443 2620 At
484 2553 639 2619 mihi
684 2552 943 2637 quidem
990 2574 1181 2638 unus,
1242 2553 1299 2619 si
1361 2560 1460 2619 est
1514 2552 1821 2637 optimus,
1884 2553 2085 2636 pluris
2132 2561 2233 2619 est
2277 2573 2468 2636 quam
2515 2552 2802 2619 sexcenti

354 2650 417 2744 (ὃ
462 2650 554 2737 εἷς
598 2651 833 2746 μύριοι,
879 2654 990 2726 ἐὰν
1033 2646 1074 2747 ᾗ
1117 2649 1399 2748 ἀριστος,
1448 2659 1595 2726 Sch.
1629 2659 1707 2724 fr.
1746 2657 1862 2744 30)
1910 2659 2137 2744 Neque
2183 2659 2371 2726 aliter
2416 2658 2795 2745 Euripides:

392 2772 696 2870 Ὀλίγοι
727 2778 848 2872 γὰρ
879 2779 1178 2851 ἔσθλὀὶ
1209 2780 1684 2871 κρείσσονες
1715 2783 2039 2850 πολλῶν
2077 2786 2341 2850 κακῶν
2373 2783 2480 2871 (N.
2513 2786 2586 2851 fr.
2622 2785 2800 2870 246).

394 2879 758 2976 Ὀλίγους
803 2890 1054 2957 ἐπαινῶ
1096 2890 1345 2974 μᾶλλον
1386 2880 1430 2977 ἢ
1478 2884 1843 2968 πολλοὺς
1888 2882 2196 2969 κακούς
2243 2890 2351 2978 (N.
2397 2891 2473 2958 fr.
2522 2891 2697 2977 358).

366 2999 594 3081 Itaque
652 2988 876 3079 νόμος,
937 2995 1050 3062 καὶ
1109 2998 1313 3086 βουλῇ
1374 2992 1741 3063 πείθεσθαι
1797 2988 1938 3076 ἑνός
1999 2996 2175 3085 (Sch.
2223 2999 2298 3064 fr.
2356 2997 2527 3086 127).
2618 2998 2797 3064 Euri·

358 3103 543 3189 pides
589 3112 803 3170 autem
848 3103 996 3171 aliis
1041 3105 1255 3171 verbis
1301 3104 1473 3170 idem
1516 3104 1712 3171 dicit:

529 3197 792 3298 Ἀνδρὸς
836 3197 947 3275 ὕπ’
997 3208 1242 3278 ἐσθλοῦ
1286 3209 1398 3276 καὶ
1443 3214 1898 3297 τυραννεῖσθαι
1947 3201 2147 3278 καλόν
2192 3211 2299 3299 (Ν.
2347 3211 2423 3279 fr.
2470 3215 2560 3298 8).

1478 3376 1550 3504 's
1596 3427 1654 3491 3.

535 3568 901 3654 Σωφρονεῖν
966 3552 1157 3654 ἆρετή
1227 3561 1497 3654 μεγίστη
1566 3564 1761 3632 sentit
1820 3565 2182 3632 Heraclitus
2252 3565 2429 3652 (Seh.
2497 3567 2572 3633 fr.
2643 3568 2798 3652 124)

361 3671 590 3755 quibus
639 3692 780 3738 cnm
823 3671 1038 3739 verbis
1084 3670 1552 3758 comparandus
1600 3679 1701 3739 est
1745 3671 1852 3739 hic
1897 3670 2223 3757 Euripidis
2270 3673 2479 3740 locus:

542 3790 644 3862 Τὸ
705 3801 1166 3885 σωφρονεῖν
1226 3794 1299 3862 δὲ
1358 3794 1471 3862 καὶ
1524 3793 1737 3882 σέβειν
1793 3791 1880 3862 τὰ
1936 3797 2066 3862 τῶν
2123 3797 2299 3863 θεῶν
2343 3789 2801 3865 κάλλιστον

362 3900 625 3988 (Bacch.
680 3903 896 3987 1150).

542 4009 741 4097 Θυμῷ
802 4001 922 4097 γάρ
980 4031 1141 4098 φησι
1206 3998 1687 4098 (Ηράκλειτος)
1748 4000 2070 4092 μάχεσθαι
2113 4002 2428 4093 χαλεπόν·
2488 4002 2526 4077 ὅ
2570 4034 2636 4077 τι
2679 4004 2801 4099 γὰρ

360 4105 441 4181 ἂν
481 4107 677 4204 χρήζῃ
722 4112 1039 4203 γίνεσθαι,
1088 4118 1298 4204 ψυχῆς
1343 4103 1605 4183 ὠνέεται
1660 4115 1840 4202 (Sch.
1888 4118 1962 4185 fr.
2019 4118 2160 4201 128,
2207 4117 2437 4184 Jambl.
2487 4119 2797 4203 Protrept.

364 4242 426 4307 p.
473 4224 603 4288 334
648 4222 911 4306 Kiessl.)
989 4222 1193 4302 Quam
1257 4221 1604 4290 difficulter
1660 4222 1758 4288 ira
1802 4224 1886 4290 sit
1932 4223 2430 4309 compescenda,
2490 4232 2554 4291 et
2611 4245 2800 4307 quam

362 4329 597 4396 malum
643 4328 729 4398 sit
773 4329 833 4396 ei
881 4329 1234 4415 indulgere,
1284 4328 1385 4396 his
1432 4330 1828 4397 demonstrat
1873 4329 2245 4416 Euripides:

2773 4539 2810 4572 *j
