3117 4700
1534 184 1611 250 13

550 382 736 473 χωρὶς
782 377 903 471 γὰρ
950 371 1150 469 ἷὶλλης
1195 366 1271 468 ἧς
1317 374 1569 464 ε’χουσιν
1615 367 1841 468 ἆργίας

553 482 806 581 φθόνον
852 485 1020 579 πρὸς
1063 477 1280 556 ἀστῶν
1323 477 1691 578 ἆλφὰνουσι
1737 488 2034 575 δυσμενῆ.

553 604 836 665 σκαιοῖσι
883 622 1001 682 μεν
1046 590 1167 684 γὰρ
1212 590 1404 662 καινὰ
1450 592 1843 684 προσφέρων
1888 585 2066 683 σοφά

554 696 752 784 δόξεις
797 692 1047 792 ἀχρεῖος
1094 727 1210 769 κου
1257 697 1464 792 σοφὸς
1511 698 1891 791 πεφυκέναι.

564 816 703 877 Τῶν
749 799 816 878 δ’
870 797 950 877 αὖ
996 801 1363 877 δοκούντων
1408 805 1646 889 εἰδέναι
1692 832 1758 875 τι
1805 805 2110 875 ποικίλον

556 916 867 1007 κρείσσων
914 915 1251 1002 νομισθεὶς
1297 911 1544 1001 λυπρὸς
1589 915 1655 982 ἐν
1701 907 1892 983 πόλει
1939 919 2130 1004 φανεῖ
2178 914 2376 1003 (Med.
2423 913 2602 1000 292).

1131 1023 1270 1090 Καὶ
1316 1020 1437 1110 γὰρ
1484 1010 1625 1090 οὔδ’
1680 1011 1952 1111 ἀζήμιον

344 1125 597 1221 γνώμην
639 1131 870 1199 ἐνεῖναι
919 1136 1060 1211 τοῖς
1105 1134 1339 1221 σοφοῖς
1385 1127 1533 1196 λίαν
1578 1122 1791 1219 σοφήν
1844 1128 2105 1217 (Electr.
2154 1131 2340 1215 295),
2406 1128 2580 1211 quod
2650 1151 2795 1195 con-

348 1240 630 1306 firmatur
689 1239 888 1307 etiam
947 1238 1240 1323 exemplo
1303 1235 1685 1305 Hermodori
1746 1239 2071 1303 Heraclito
2143 1235 2548 1303 amicissimi:
2620 1227 2800 1314 ἄξιον

340 1334 662 1435 Ἐφεσίοις
716 1336 963 1434 ἡβηδὸν
1022 1332 1451 1430 ἀπάγξασθαι
1468 1393 1483 1423 ,
1551 1344 1784 1422 οἵτινες
1824 1334 2231 1431 Ἑρμόδωρον
2288 1333 2490 1428 ἷὶνδρα
2546 1337 2800 1409 ἑωυτῶν

346 1438 641 1539 ὀνήιστον
686 1450 990 1538 ἐξέβαλον
1034 1441 1303 1539 φάντες·
1350 1440 1567 1538 ἦμέων
1611 1450 1776 1538 μηδὲ
1805 1442 1899 1528 εἷς
1937 1437 2235 1538 ὀνήιστος
2264 1445 2450 1529 ἔστω,
2498 1446 2555 1515 εἶ
2588 1448 2660 1516 δὲ
2688 1443 2800 1538 μή,

347 1549 509 1646 ἄλλῃ
551 1582 624 1624 τε
667 1557 779 1624 καὶ
825 1545 960 1641 μετ’
1013 1548 1230 1625 ἄλλων
1292 1556 1472 1644 (Sch.
1522 1557 1597 1622 fr.
1643 1555 1782 1643 40).
1873 1557 2238 1623 Heraclitus
2284 1576 2469 1640 vero,
2534 1577 2688 1624 cum
2734 1557 2801 1622 in

346 1685 418 1730 se
465 1665 606 1750 ipso
650 1665 721 1730 id
767 1671 1066 1750 expertus
1116 1672 1289 1731 esset
1335 1670 1530 1747 atque
1578 1683 1773 1747 aegre
1820 1665 2046 1747 ferret,
2096 1670 2417 1747 postremo
2464 1661 2530 1727 in
2575 1664 2797 1730 solitu·

347 1770 561 1837 dinem
605 1792 676 1838 se
720 1772 965 1857 recepit
1012 1769 1231 1858 (Diog.
1279 1772 1333 1835 L
1400 1771 1513 1855 IX,
1565 1768 1656 1855 3).
1742 1769 1910 1848 Quin
1957 1791 2181 1837 versus
2226 1768 2557 1855 Euripidis
2604 1788 2803 1855 supra

349 1878 527 1944 allati
572 1878 768 1965 (Med.
818 1881 967 1945 292.
1015 1878 1113 1944 El.
1161 1875 1322 1960 295)
1378 1876 1573 1943 etiam
1619 1875 1706 1941 ad
1750 1878 2178 1960 Anaxagorae
2224 1883 2464 1943 sortem
2508 1885 2803 1961 spectare

348 1985 614 2072 possint,
662 2005 790 2051 non
837 1993 937 2051 est
982 1985 1048 2049 in
1095 1983 1310 2050 dubio.
1389 1983 1521 2051 Sed
1568 1982 1725 2069 quid
1771 1983 2003 2067 obstat,
2051 1983 2204 2065 quin
2248 1981 2613 2068 Euripides,
2663 2005 2802 2051 cum

347 2089 428 2158 de
476 2091 631 2158 viris
676 2091 1074 2178 sapientibus
1123 2090 1417 2157 universe
1462 2088 1656 2174 dicat,
1705 2097 1771 2156 et
1802 2089 2196 2157 Heraclitum
2240 2097 2307 2156 et
2338 2089 2803 2157 Hermodorum

347 2206 414 2265 et
457 2200 911 2282 Anaxagoram
968 2197 1377 2283 respexerit?
1469 2197 1768 2265 Ceterum
1813 2197 2242 2280 Anaxagorae
2302 2194 2804 2280 fragmentorum

349 2304 587 2371 nullum
636 2312 890 2390 spectat
935 2304 1020 2370 ad
1065 2323 1163 2389 ea,
1214 2323 1381 2388 quae
1427 2312 1579 2372 ante
1627 2324 1737 2372 eos
1783 2323 2006 2371 versus
2052 2302 2228 2372 dicta
2274 2309 2437 2370 sunt.

1504 2503 1654 2582 §2

527 2625 730 2693 Nobis
764 2633 978 2693 autem
1011 2645 1109 2709 ea,
1144 2644 1311 2707 quae
1345 2631 1529 2691 extra
1559 2634 1727 2709 sunt,
1778 2622 2360 2709 contemplantibus
2392 2623 2548 2706 quid
2580 2626 2804 2693 obver-

348 2739 544 2816 setur,
576 2732 941 2799 Heraclitus
972 2730 1198 2817 paucis
1229 2730 1506 2798 indicat:
1542 2722 1810 2796 πάντα
1841 2734 1963 2816 ῥεῖ
1995 2737 2060 2796 et
2093 2721 2367 2795 πάντα
2393 2736 2635 2816 χωρεῖ
2667 2731 2802 2798 καὶ

350 2824 588 2904 ουδὲν
617 2836 846 2921 μένει
882 2838 1071 2919 (Plat.
1099 2837 1275 2903 Krat
1302 2858 1364 2922 p.
1390 2838 1968 2920 401D0t402A3
2004 2838 2082 2902 cf.
2111 2836 2363 2903 Schust.
2389 2856 2448 2921 p.
2474 2837 2808 2924 204adn).

348 2946 774 3028 Anaxagoras
819 2965 974 3011 vero
1020 2943 1196 3009 illam
1226 2943 1538 3010 Heracliti
1572 2942 1957 3010 sententiam
1989 2942 2176 3026 quasi
2205 2962 2389 3009 suam
2428 2942 2585 3010 fecit
2615 2953 2809 3028 atque

349 3050 546 3119 etiam
591 3051 656 3115 in
705 3050 954 3117 ratione
999 3048 1365 3135 exponendi
1422 3070 1526 3117 res
1591 3058 1860 3116 naturae
1907 3048 2230 3132 quandam
2276 3046 2538 3114 exhibet
2584 3050 2806 3120 simili·

351 3156 639 3223 tudinem
688 3176 831 3222 cum
879 3155 1225 3223 Heraclito,
1322 3156 1446 3223 Hic
1490 3164 1707 3222 autem
1768 3164 2141 3240 perpetuam
2194 3173 2403 3221 rerum
2450 3174 2596 3223 esse
2643 3176 2809 3223 com-

350 3262 769 3330 mutationem
815 3262 1292 3330 studiosissima
1339 3263 1732 3347 cogitatione
1770 3270 1965 3344 atque
1996 3261 2131 3327 acri
2161 3268 2506 3345 conspectu
2541 3270 2810 3328 naturae

352 3368 595 3455 primus
656 3369 976 3437 intellexit
1036 3368 1290 3472 penitus
1354 3375 1420 3436 et
1475 3368 1692 3453 posuit
1750 3368 2076 3434 cardinem
2130 3386 2568 3449 summamque
2613 3369 2812 3436 totius

357 3474 806 3562 philosophiae
851 3497 1007 3543 suae
1057 3481 1281 3541 contra
1324 3476 1692 3542 Eleatarum
1742 3472 2167 3558 disciplinam,
2214 3474 2433 3555 itaque
2481 3475 2565 3540 ab
2611 3476 2812 3542 omni·

358 3582 477 3647 bus
524 3583 845 3650 veteribus
904 3602 1159 3668 semper
1219 3582 1359 3668 ipse
1417 3602 1582 3649 unus
1639 3579 2003 3667 appellatur
2060 3586 2282 3647 auctor
2334 3578 2523 3648 huius
2569 3581 2813 3667 placiti,

354 3709 437 3756 ex
500 3708 628 3772 quo
690 3690 867 3756 illam
929 3689 1177 3757 tristem
1223 3688 1537 3757 Heracliti
1583 3687 1666 3756 de
1712 3687 1846 3754 vita
1902 3685 2286 3754 sententiam
2332 3697 2622 3754 exortam
2669 3707 2814 3755 esse

356 3794 595 3862 dicunt.
687 3799 1112 3881 Anaxagoras
1174 3804 1389 3863 autem
1452 3794 1576 3863 hcc
1633 3793 1872 3881 placito
1933 3798 2235 3877 suscepto
2282 3811 2426 3858 cum
2471 3794 2815 3881 praecipue

357 3902 706 3986 explanare
754 3911 1037 3989 conetur,
1087 3923 1215 3987 quo
1248 3901 1439 3969 modo
1474 3901 1638 3969 haec
1669 3920 1878 3967 rerum
1913 3897 2324 3967 commutatio
2354 3898 2492 3987 fiat,
2538 3908 2815 3969 mentem

357 4027 401 4074 a
444 4008 714 4075 materia
743 4018 1109 4095 separatam
1142 4008 1329 4094 fingit
1359 4007 1650 4094 singulas
1684 4026 1786 4075 res
1819 4005 2292 4073 commiscendo
2324 4013 2390 4073 et
2422 4007 2816 4075 secernendo

364 4114 429 4180 in
477 4113 767 4182 ordinem
813 4116 1232 4202 digerentem.

541 4219 719 4288 Idem
767 4244 920 4290 vero
966 4233 1160 4308 atque
1207 4221 1576 4289 Heraclitus
1637 4219 1839 4289 sensit
1887 4219 2228 4307 Euripides
2290 4240 2430 4288 cum
2478 4219 2560 4288 de
2606 4240 2815 4288 rerum

364 4335 620 4410 natura,
684 4337 815 4395 tum
881 4328 963 4396 de
1008 4329 1145 4396 vita
1202 4327 1495 4395 humana.
1593 4329 1688 4393 Ex
1735 4348 1965 4412 magna
2016 4336 2228 4395 autem
2279 4327 2559 4395 locorum
2611 4327 2816 4413 copia,
