3117 4700
1528 216 1573 281 8

324 414 736 482 affirmabant
797 412 1084 479 homines
1144 412 1442 479 malevoli
1507 409 1684 499 (Ath.
1732 412 1839 497 IV,
1902 412 2054 497 1343
2118 410 2307 495 Diog.
2356 412 2425 477 L.
2472 411 2566 491 ΙΙ,
2641 409 2774 496 18),

325 542 451 587 non
500 520 784 605 segniter
827 519 1195 586 adiuvabat.
1288 518 1460 598 Quid
1505 526 1721 585 autem
1767 520 2011 604 obstat,
2060 518 2215 603 quin
2261 537 2594 604 ponamus,
2644 519 2776 583 Eu-

322 626 593 713 ripidem
643 626 931 694 Socratis
976 627 1057 694 de
1106 625 1430 695 Heraclito
1475 624 1782 693 indicium
1836 625 2288 712 respicientem
2332 624 2626 692 versibus
2673 624 2781 693 his

324 734 433 820 (N.
481 735 555 800 fr.
602 731 799 822 905):
838 732 892 820 1)

739 851 866 937 Ὅς
910 850 1102 924 τάδε
1147 847 1507 924 λεύσσων
1553 851 1713 924 θεὸν
1760 846 1899 940 οὖχὶ
1945 860 2096 938 νοεῖ,

747 955 1239 1051 μετεωρολόγων
1283 950 1417 1029 d’‘
1389 957 1539 1042 εκὰς
1586 959 1847 1085 έρριξψεν

698 1063 1016 1149 σκολιὰς
1061 1058 1342 1152 ἀπάτας,
1390 1096 1478 1136 ων
1524 1057 1730 1158 ἆτηρὰ

749 1164 981 1263 ylc‘iw'
1034 1173 1452 1263 εἰκοβολεῖ
1498 1174 1651 1262 περὶ
1695 1178 1825 1242 τῶν
1869 1164 2136 1266 ἀφανῶν

750 1271 995 1350 ουὸἑν
1042 1274 1364 1371 γνώμης
1408 1280 1905 1367 μετέχουσα,

323 1409 653 1477 Heraclito
699 1429 1034 1476 assensum
1079 1428 1223 1475 esse
1267 1408 1660 1492 vituperanti
1707 1427 1838 1493 eos,
1888 1408 1999 1491 qui
2043 1409 2320 1475 numinis
2365 1410 2497 1474 vim
2543 1430 2627 1476 ex
2672 1410 2777 1494 iis,

325 1536 490 1601 quae
539 1515 656 1583 sub
704 1514 1079 1601 adspectum
1112 1513 1371 1600 cadunt,
1420 1512 1803 1580 concludere
1836 1535 1961 1581 non
1993 1523 2277 1601 possent,
2327 1516 2445 1582 sed
2481 1517 2782 1601 proprias

325 1623 450 1690 sibi
495 1622 846 1706 inanesque
872 1621 1315 1706 ‘cogitationes
1378 1620 1458 1687 de
1516 1640 1728 1687 rerum
1773 1628 2005 1687 natura
2049 1622 2411 1707 volverent,
2477 1642 2620 1688 cum
2665 1644 2779 1689 ex-

324 1738 541 1815 pertes
572 1728 910 1796 universae
943 1728 1175 1795 mentis
1207 1728 1515 1813 viverent,
1564 1748 1642 1794 ac
1673 1727 1730 1794 si
1773 1728 2037 1813 propria
2064 1749 2244 1795 mens
2276 1730 2400 1795 sibi
2431 1730 2676 1796 inesset
2703 1729 2778 1817 ²³).

502 1853 876 1939 Euripides,
949 1853 1061 1936 qui
1120 1873 1238 1919 sua
1294 1852 1538 1937 ingenii
1597 1851 1663 1916 vi
1724 1852 1884 1917 nihil
1943 1853 2096 1919 novi
2152 1861 2347 1937 atque
2404 1854 2652 1939 egregii
2714 1853 2783 1919 in

323 1959 735 2045 philosophia
779 1959 1179 2045 procreabat,
1226 1959 1409 2025 varia
1452 1957 1981 2044 philosophorum
2026 1959 2270 2044 placita
2313 1959 2409 2025 ita
2438 1963 2778 2045 amplexus

325 2075 452 2151 est,
515 2076 587 2132 ut
647 2065 836 2133 nullis
884 2066 1073 2133 unius
1108 2065 1501 2150 'disciplinae
1554 2065 1808 2149 legibus
1855 2065 2202 2133 adstrictus
2250 2066 2782 2152 philosophorum

325 2172 634 2241 doctrinis
696 2171 1068 2239 erudiretur.
1175 2173 1281 2248 In⁴
1316 2171 1772 2239 bibliothecam
1843 2172 2012 2238 enim
2072 2193 2253 2238 suam
2319 2173 2647 2258 copiosam
2709 2194 2784 2240 se

326 2278 580 2346 abdidit
630 2286 694 2346 et
742 2298 909 2363 quae
956 2278 1322 2345 Heraclitus
1369 2278 1610 2362 aliique
1655 2278 2023 2365 philosophi
2069 2279 2309 2365 scripta
2355 2279 2782 2367 tradiderunt,

328 2406 634 2454 summam
683 2386 777 2451 eis
825 2385 1007 2452 dedit
1052 2406 1311 2471 operam
1359 2384 1536 2472 (Ath.
1583 2386 1634 2471 Ι,
1680 2387 1753 2471 4;
1804 2386 1993 2470 Diog.
2040 2387 2110 2452 L.
2149 2387 2232 2471 II,
2283 2387 2417 2472 22).
2496 2387 2638 2467 Quo
2687 2389 2780 2474 fit,

325 2502 399 2560 ut
443 2514 571 2561 non
617 2493 822 2560 solum
860 2492 1092 2558 iterum
1122 2500 1319 2576 atque
1348 2492 1580 2559 iterum
1614 2493 1868 2560 Solonis
1899 2492 2059 2559 illud
2092 2494 2412 2581 respiciat,
2461 2494 2783 2561 neminem

328 2608 478 2666 ante
538 2606 805 2667 mortem
865 2599 1122 2665 beatum
1168 2618 1311 2665 esse
1356 2598 1859 2683 praedicandum
1920 2599 2147 2686 (Andr.
2202 2603 2343 2668 100.
2392 2602 2578 2669 Herc.
2627 2603 2778 2669 865.

330 2704 563 2774 Troad.
609 2704 771 2791 509)
831 2713 898 2772 et
954 2704 1285 2779 cuiusdam
1343 2714 1591 2791 septem
1651 2705 2035 2790 sapientium
2092 2706 2286 2772 illud:
2357 2704 2557 2795 μηδὲν
2615 2698 2783 2794 ἷὶγαν

331 2812 615 2899 (Hippol.
663 2810 861 2898 205),
924 2812 1041 2878 sed
1086 2818 1170 2879 ‘ut
1225 2811 1417 2877 etiam
1466 2812 1708 2897 placita
1748 2811 2064 2894 quaedam
2112 2813 2397 2880 Socratis
2444 2815 2782 2900 receperit,

329 2921 506 2986 velut
566 2919 866 2985 virtutem
924 2938 1116 3003 posse
1175 2918 1392 2985 doceri
1451 2918 1705 3005 (Suppl.
1765 2920 1926 3006 913)
1989 2927 2185 3004 atque
2247 2920 2554 3003 ignavum
2616 2941 2782 3006 esse,

332 3026 441 3111 qui
487 3025 629 3111 ipse
675 3025 798 3092 sibi
845 3031 1112 3092 mortem
1161 3025 1544 3092 consciverit
1591 3024 1807 3111 (Herc.
1863 3025 2061 3114 1347)
2121 3034 2187 3094 et
2244 3026 2351 3093 dei
2417 3047 2561 3095 esse
2606 3028 2787 3093 nulla

331 3152 401 3201 re
447 3152 638 3217 egere
685 3131 902 3218 (Herc.
957 3132 1160 3216 13453
1227 3135 1301 3197 cf.
1349 3134 1511 3198 Xen.
1558 3152 1744 3198 mem.
1792 3133 1843 3218 I,
1893 3134 1952 3217 6,
2014 3132 2125 3219 10)
2155 3132 2207 3219 ³)
2266 3135 2613 3200 Praeterea
2671 3154 2783 3201 ex-

331 3240 508 3306 hibet
551 3238 954 3323 sententiam,
1003 3257 1195 3321 quam
1240 3238 1588 3324 sophistae,
1634 3240 1700 3304 in
1750 3238 1971 3324 primis
2010 3240 2421 3324 Protagoras,
2470 3240 2786 3307 Heracliti

335 3347 443 3434 (cf.
491 3347 644 3411 Zell.
692 3347 741 3430 l,
792 3346 951 3430 675)
1014 3344 1263 3410 ratione
1310 3346 1591 3412 nitentes
1637 3347 2052 3431 praecipuam
2111 3346 2247 3413 fere
2293 3355 2784 3433 proposuerunt,

335 3454 673 3519 honestum
742 3472 917 3537 esse,
989 3450 1161 3534 quod
1233 3453 1461 3535 cuique
1529 3453 1661 3519 tale
1733 3472 1875 3519 csse
1945 3450 2273 3519 videretur
2342 3453 2449 3538 (N.
2514 3455 2586 3521 fr.
2652 3453 2787 3539 19).

335 3560 582 3638 Quibus
628 3559 796 3624 sitne
844 3577 1163 3643 assensus,
1211 3559 1348 3625 iure
1396 3559 1783 3645 dubitamuS,
1832 3559 1954 3625 etsi
1985 3560 2172 3626 Plato
2205 3558 2464 3643 quidem
2512 3560 2594 3626 ob
2642 3579 2788 3625 eam

520 3810 568 3875 1)
609 3806 677 3861 cf.
718 3805 842 3860 Sch.
880 3822 933 3875 p.
972 3809 1075 3860 279
1113 3805 1235 3860 adn.
1281 3813 1325 3860 1.

512 3915 567 3982 2)
606 3913 713 3967 huc
760 3915 1009 3982 spectant
1055 3912 1187 3967 Her.
1235 3912 1301 3967 fr.
1350 3929 1435 3983 ap.
1487 3912 1613 3967 Sch.
1668 3918 1748 3968 10.
1796 3918 1890 3979 24,
1948 3911 2176 3968 fortasse
2223 3914 2388 3968 etiam
2436 3917 2522 3968 22.
2572 3916 2658 3968 23.
2698 3917 2785 3967 25.

336 4002 590 4058 Ceterum
627 4001 747 4055 vide
784 4001 947 4055 huius
982 4005 1267 4057 comment.
1305 4019 1358 4071 p.
1395 4002 1440 4067 I,
1480 4002 1604 4057 init.
1644 4004 1676 4070 ξ
1718 4008 1764 4056 1.
1821 4030 1893 4041 —-
1948 4002 2195 4057 Socrates
2242 4019 2452 4072 quoque
2500 4019 2564 4057 ex
2607 4019 2787 4056 rerum

336 4092 661 4146 exteriorum
698 4090 1154 4160 contemplatione
1192 4090 1468 4145 concludit
1504 4107 1620 4144 esse
1653 4106 1853 4144 numen
1880 4090 2123 4148 divinum
2150 4091 2415 4161 (Xenoph.
2443 4108 2599 4146 mem.
2625 4091 2670 4157 Ι,
2712 4093 2786 4162 4).

516 4198 570 4264 3)
609 4196 862 4254 Ceterum
899 4198 1171 4252 sententia
1207 4214 1433 4267 quoque,
1472 4213 1633 4265 quam
1657 4196 1962 4251 invenimus
1988 4199 2130 4269 apud
2155 4197 2447 4266 Socratem,
2484 4199 2787 4264 Platonem,

337 4285 669 4356 Euripidem,
708 4302 804 4339 nos
829 4286 920 4339 hic
945 4287 1099 4355 quasi
1121 4286 1473 4355 peregrinari,
1512 4288 1571 4340 et
1593 4286 1831 4338 animum
1858 4284 2156 4352 desiderare
2190 4289 2424 4343 reditum
2460 4289 2519 4342 iu
2555 4288 2788 4358 patriam

338 4390 505 4439 suam,
543 4378 689 4428 certe
724 4373 968 4444 profecta
1004 4378 1088 4429 est
1123 4390 1187 4428 ex
1223 4372 1492 4427 Heracliti
1529 4374 1741 4427 ratione
1753 4392 1768 4437 ;
1807 4371 1876 4426 cf.
1917 4372 2042 4429 Sch.
2081 4375 2147 4429 fr.
2186 4379 2416 4431 69—73.
