3117 4700
1539 226 1587 299 4

331 436 534 529 (neue
590 433 874 509 Studien
944 459 1066 507 zur
1120 433 1518 507 Geschichte
1594 434 1720 508 der
1779 433 2120 532 -Begfiffa
2194 435 2249 508 I.
2301 434 2499 508 Heft:
2566 435 2789 508 Hera-

329 562 574 647 cleitOS‚
630 559 889 653 Gothae
949 560 1178 650 1876)
1233 561 1631 656 acciperem.
1721 558 1952 655 Atque
2008 561 2206 632 etiam
2261 584 2443 656 quae
2488 561 2790 632 Zellerus

327 685 761 779 (Geschichte
833 686 960 762 der
1029 683 1284 756 Philos.
1342 685 1406 757 d.
1464 682 1830 772 Griechen,
1900 685 1963 773 Ι,
2029 687 2097 757 4.
2153 686 2255 757 ed.
2313 685 2492 781 Lips.
2554 686 2789 779 1877)

327 810 415 882 de
450 810 800 881 Heraclito
836 816 909 880 et
945 808 1365 905 Anaxagora
1419 812 1750 905 exposuit,
1808 810 2090 906 perlegi.
2184 807 2505 883 Ceterum
2546 812 2787 882 mirum

325 933 467 1006 fere
534 934 806 1005 videtur
869 957 1040 1021 esse,
1115 935 1298 1028 quod
1371 934 1679 1007 eruditus
1753 935 1871 1007 ille
1946 935 2047 1005 vir
2114 935 2186 1006 in
2239 934 2575 1007 Heracliti
2637 957 2788 1007 sen-

324 1059 546 1130 tentiis
618 1059 1045 1154 exponendis
1063 1113 1078 1144 ,
1151 1081 1331 1154 quae
1406 1058 1809 1131 Schusterus
1883 1059 2604 1155 Teichmuellerusque
2681 1085 2788 1131 ar-

325 1184 669 1277 gutissime
734 1183 1335 1279 investigaverunt,
1416 1184 1717 1255 nondum
1785 1185 2098 1278 suscepit.
2211 1182 2295 1255 In
2366 1183 2786 1256 Valkenaeri

327 1306 617 1379 diatribe
671 1308 742 1378 in
779 1307 1123 1403 Euripidis
1176 1308 1564 1403 fabularum
1612 1308 2034 1403 perditarum
2070 1308 2394 1402 reliquias
2432 1308 2605 1379 nihil
2640 1308 2786 1380 fere

322 1433 627 1526 repperi,
683 1432 868 1526 quod
922 1433 1079 1503 usui
1134 1439 1328 1519 esset,
1397 1439 1883 1528 praeterquam
1939 1433 2124 1528 quod
2178 1455 2318 1503 non
2373 1434 2593 1505 omnia
2646 1432 2783 1504 Eu-

322 1555 564 1650 ripidis
618 1555 993 1652 fragmenta
1020 1594 1033 1603 ·=
1048 1556 1166 1629 illo
1220 1557 1397 1630 libro
1454 1558 1901 1629 continentur.

502 1698 755 1784 Quodsi
808 1699 1221 1793 respexeriS‚
1290 1700 1419 1772 hoc
1470 1701 1541 1771 in
1599 1722 1849 1794 genere
1902 1700 2237 1771 neminem
2291 1722 2530 1786 unum,
2594 1700 2781 1793 quod

323 1845 448 1916 ego
524 1822 798 1917 quidem
865 1823 1097 1911 sciam,
1170 1830 1508 1896 versatum
1584 1846 1730 1896 esse
1813 1847 2040 1919 neque
2128 1825 2286 1895 satis
2357 1826 2783 1919 explanasse,

324 1971 461 2042 qua
527 1948 601 2018 in
668 1947 927 2019 ratione
979 1946 1442 2043 Anaxagorae
1500 1955 1570 2019 et
1625 1947 1957 2020 Heracliti
2027 1947 2457 2045 philosophia
2510 1949 2617 2036 sit,
2691 1971 2782 2019 ne

321 2070 813 2160 inclementem,
888 2095 1170 2166 quaese,
1228 2075 1672 2165 sententiam
1728 2075 1816 2145 de
1887 2073 1992 2145 his
2063 2097 2406 2144 musarum
2479 2095 2783 2144 mearum

320 2196 632 2291 primitiis
685 2196 880 2287 feras

504 2408 958 2508 Mettenae‚
1016 2434 1194 2482 anno
1250 2406 1903 2485 MDOCGLXXIX.

2010 2734 2149 2811 Fr.
2205 2733 2615 2801 Lommer.
