3117 4700
10 1076 45 1107 ι

10 1140 13 1179 Ι

9 3849 51 3888 Ι·

18 4393 85 4668 q„

1487 148 1568 214 15

466 350 645 416 Haec
688 354 903 416 autem
946 367 1160 414 rerum
1207 344 1619 413 commutatio
1670 363 1859 410 cursu
1904 351 2261 430 temporum
2292 345 2576 432 affertur,‘
2621 366 2746 430 quo

286 464 542 543 spectat
560 454 957 523 Heraclitus:
988 447 1224 543 ὥρας,
1258 445 1353 519 αἳ
1376 443 1485 518 πά
1503 475 1652 519 ντα
1682 447 2027 540 φέρουσι
2052 449 2240 535 (Plat.
2267 472 2369 535 qu.
2389 453 2552 520 Plat.
2572 452 2751 538 VIII,

285 568 351 648 4,
386 585 447 650 p.
484 564 682 650 1007)
715 570 813 629 et:
863 555 1006 629 αὶιῖ
1032 587 1068 628 ν
1113 563 1316 637 παῖς
1362 555 1716 641 παίζων,
1743 550 2080 627 ,πεσσεύων
2111 555 2250 626 ἐστί
2284 557 2463 644 (Sch.
2497 560 2574 626 fr.
2607 561 2747 648 49),

288 672 393 737 cui
436 670 783 738 assentitur
827 667 1215 755 Euripides:

450 768 695 844 ’Άλλα
752 771 896 864 γὰρ
952 766 1311 842 ἄλλοθεν
1369 761 1816 860 ἀμείβεται,

469 879 632 968 μετὰ
678 871 741 959 δ’,
792 883 1064 949 ἵσταται
1110 868 1419 969 ἆνὸράσιν
1466 877 1550 946 αἶ
1570 874 1623 945 ὠ
1641 906 1675 944 ν

470 981 975 1077 πολυπλάνητος
1021 982 1197 1055 αἰεί
1222 986 1276 1074 ²)
1324 986 1610 1075 (Hippol.
1667 984 1888 1073 1107).
1981 985 2161 1053 Cous.
2207 986 2356 1053 libri
2404 986 2486 1053 de
2534 987 2751 1055 diaeta

284 1100 467 1165 locos
512 1116 708 1182 supra
752 1096 985 1163 allatos
1024 1096 1075 1181 1,
1123 1095 1335 1177 4—53
1383 1099 1447 1160 et
1478 1095 1528 1178 Ι,
1577 1095 1620 1160 5
1678 1097 1913 1177 χωρεῖ
1975 1091 2057 1159 δὲ
2117 1086 2383 1159 πάντα
2439 1092 2549 1159 καὶ
2597 1097 2754 1159 θεῖα

288 1202 404 1271 καὶ
468 1191 855 1291 ἀνθρώπινα
923 1192 1086 1268 ἅνω
1151 1200 1286 1266 καὶ
1349 1190 1557 1266 κάτω
1623 1187 2117 1286 ἀμειβόμενα
2182 1251 2197 1266 .
2249 1253 2261 1265 .
2312 1251 2326 1266 .
2378 1251 2392 1268 .
2462 1221 2755 1284 συμμι-

288 1306 703 1397 σγομένων
764 1303 963 1414 πρὸς
1025 1298 1344 1394 manaa.
2495 1292 2500 1297 ’

724 1389 928 1480 Τῦχας
974 1395 1051 1463 δὲ
1092 1398 1353 1483 θνητῶν

470 1500 548 1572 τὸ
593 1504 711 1590 μὲν
754 1491 890 1591 μέγ’
944 1500 1038 1582 εἷς
1085 1490 1270 1570 ουδέν
1315 1492 1351 1569 ὅ
1398 1496 1610 1580 πολὺς
1648 1493 1938 1589 χρόνος

469 1608 843 1699 μεθίστησι,
891 1605 968 1676 τὸ
1016 1607 1089 1676 δε
1133 1613 1319 1693 μεῖον
1364 1599 1574 1688 αὔξων
1620 1607 1729 1695 (N.
1778 1608 1854 1676 fr.
1903 1606 2082 1694 306).

292 1720 475 1788 Cous.
508 1719 649 1787 libr.
682 1717 764 1785 de
794 1718 990 1784 diaet.
1024 1717 1075 1801 Ι,
1124 1716 1200 1782 5:
1248 1708 1468 1804 φθορὴ
1521 1714 1595 1782 δὲ
1639 1715 1843 1782 πᾶσιν
1889 1702 2002 1782 ἀπ’
2051 1702 2369 1804 ἀλλήλων,
2414 1719 2510 1805 τῷ
2538 1713 2754 1800 μέζονι

292 1814 430 1892 ἀπὸ
476 1826 594 1891 τοῦ
636 1821 895 1910 μείονος
941 1822 1055 1888 καὶ
1100 1823 1196 1911 τῷ
1237 1819 1449 1907 μείονι
1492 1807 1631 1888 ἀπὸ
1677 1824 1796 1890 τοῦ
1825 1819 2089 1907 μέζονος
2111 1843 2126 1859 ·
2173 1814 2430 1903 αὔξεται
2462 1818 2538 1889 τὸ
2568 1821 2758 1906 μέζον

293 1920 431 2000 ἀπὸ
480 1934 595 1998 τοῦ
641 1921 992 2009 ἐλάσσονος
1037 1927 1151 1994 καὶ
1195 1920 1274 1997 ‘cii
1313 1925 1590 1997 ἔλασσον
1635 1916 1772 1996 ἀπὸ
1819 1932 1936 1996 τοῦ
1980 1927 2262 2014 μέζονος.

474 2032 709 2104 Πολλὰ
756 2031 877 2125 γὰρ
921 2031 1129 2102 τίκτει
1484 2020 1489 2025 ’

479 2148 709 2232 Μοῖρα
754 2131 1257 2230 τελεσσιὸώτειρ’

476 2241 672 2317 αἰών
715 2274 787 2316 τε
828 2240 1057 2338 χρόνου
1105 2253 1305 2327 παῖς
1352 2249 1638 2339 (ΗθιχαοΙ.
1687 2249 1865 2336 896).

296 2359 479 2427 Conf.
510 2361 665 2426 Luc.
696 2359 781 2425 de
811 2357 1141 2426 Heraclito
1171 2358 1239 2423 in
1272 2357 1381 2424 vit.
1413 2364 1579 2424 auct.
1616 2379 1668 2423 c.
1707 2359 1821 2424 14:
1869 2343 2057 2440 ἇμει
2075 2348 2388 2444 βόμενα
2425 2356 2493 2423 ἐν
2529 2359 2611 2447 τῇ
2642 2360 2760 2423 τοῦ

295 2462 604 2544 αἰῶνος
650 2464 988 2552 παιδιῇ,
1036 2471 1101 2532 et
1131 2462 1445 2531 Heracliti
1475 2456 1681 2529 αἰὼν
1713 2466 1913 2540 παῖς
1945 2459 2278 2555 παίζωνθ
2302 2463 2479 2552 (Sch.
2514 2465 2588 2531 fr.
2619 2465 2757 2551 49).

296 2573 450 2638 Non
495 2571 605 2639 illo
651 2573 858 2639 solum
903 2572 1065 2655 loco,
1114 2568 1233 2637 sed
1279 2571 1473 2636 etiam
1518 2568 1642 2636 hoc
1687 2568 1842 2634 mihi
1873 2569 2215 2656 Euripides
2259 2569 2420 2637 illud
2450 2571 2760 2637 Heracliti

299 2672 466 2744 αἰών
511 2681 673 2757 παῖς
720 2672 1005 2760 παίζων,
1066 2676 1191 2767 (ῃιί,
1223 2674 1426 2743 efficit
1470 2696 1680 2742 rerum
1727 2675 2256 2744 commutationes
2302 2697 2540 2760 easque
2587 2685 2760 2743 amat

298 2783 409 2868 (cf.
457 2783 710 2851 Schust.
761 2784 837 2850 fr.
887 2786 962 2849 71
986 2780 1201 2867 -73)‚
1249 2780 1424 2848 haud
1470 2782 1690 2866 inepte
1736 2780 2140 2865 significasse
2186 2782 2472 2850 videtur:

481 2886 803 2970 Παίζω·
849 2882 1317 2975 μεταβολὰς
1363 2883 1484 2976 γὰρ
1532 2879 1752 2954 πόνων
1797 2876 1927 2954 ἀεὶ
1974 2890 2185 2978 φιλῶ
2230 2890 2342 2978 (N.
2390 2891 2465 2955 fr.
2513 2892 2695 2974 856).

302 2996 426 3064 Cui
471 3004 741 3062 naturae
787 2997 918 3080 legi
965 2997 1245 3063 omnium
1291 3016 1502 3064 rerum
1549 3016 1692 3063 esse
1725 2991 2252 3081 vicissitudinem,
2300 2995 2366 3062 in
2399 3016 2526 3079 qua
2556 2997 2762 3064 omnis

300 3103 566 3171 vivendi
600 3104 765 3168 ratio
800 3101 1013 3187 posita
1043 3110 1160 3187 est,
1210 3124 1395 3170 nemo
1428 3104 1686 3170 obstare
1718 3108 1967 3187 potest;
2017 3122 2203 3169 nemo
2235 3101 2519 3187 effugere
2551 3111 2765 3190 potest

299 3208 461 3276 illud
493 3208 678 3292 quasi
710 3210 931 3293 fatum,
980 3229 1060 3276 ne
1093 3207 1188 3274 dii
1213 3209 1262 3285 2)
1311 3209 1591 3293 quidem,
1638 3216 1709 3275 ut
1741 3208 1887 3274 Sol:
1922 3200 2213 3287 ‘'Hi-tog
2257 3203 2377 3297 γὰρ
2423 3196 2532 3292 οὗχ
2569 3199 2765 3297 ὓπερ-

301 3306 574 3403 βήσεται
620 3311 844 3399 μέτρα,
890 3312 1090 3400 φησὶν
1134 3304 1171 3380 ὃ
1212 3304 1656 3402 (Ηράκλειτος,
1703 3312 1760 3381 εὶ
1806 3314 1877 3382 δὲ
1922 3310 2035 3402 μὴ,
2077 3302 2355 3402 Ἐρινύες
2397 3339 2511 3399 μιν
2555 3313 2766 3405 Δίκης

301 3416 642 3509 ἐπίκουροι
704 3408 1146 3506 ἐξευρήσουσιν
1205 3420 1399 3508 (Plut.
1448 3420 1531 3489 de
1578 3422 1724 3489 exil.
1774 3443 1826 3488 c.
1881 3420 2020 3509 11),
2077 3430 2174 3489 et:
2235 3418 2484 3509 κρατέει
2531 3417 2650 3508 γὰρ
2697 3412 2764 3508 (ὁ

302 3529 489 3604 θεῖος
520 3517 735 3610 νόμος,
768 3514 804 3590 ὃ
833 3526 951 3611 τῆς
982 3517 1266 3615 φύσεως)
1298 3528 1613 3595 τοσοῦτον
1643 3518 1877 3595 ὁκόσον
1907 3525 2122 3596 ἐθέλει
2154 3528 2266 3595 καὶ
2297 3525 2574 3613 ἐξαρκέει
2600 3529 2764 3595 πᾶσι

303 3631 417 3700 καὶ
464 3627 900 3720 περιγίνεταις
945 3641 1009 3700 et
1041 3632 1124 3701 de
1171 3632 1391 3702 diaeta
1419 3635 1470 3720 I,
1514 3636 1593 3703 5:
1636 3640 1887 3722 χωρεῖ
1933 3633 2014 3701 δὲ
2062 3626 2338 3700 πάντα
2382 3632 2520 3700 καὶ
2565 3638 2767 3700 θεῖα

304 3736 447 3804 καὶ
535 3725 1135 3826 ἀνθρώπινα..
1170 3790 1186 3808 .
1278 3736 1397 3830 τὴν
1490 3738 1921 3828 πεπρωμένην
2010 3744 2324 3828 μοῖραν
2406 3738 2768 3806 ἕκαστον

307 3841 392 3912 ἐκ
407 3865 462 3908 π
485 3843 525 3908 λ
542 3869 578 3932 η
594 3868 680 3932 ρο
690 3849 738 3912 ἶ.

488 3949 831 4037 Euripides
877 3959 1094 4020 autem
1140 3953 1232 4020 ita
1278 3953 1465 4021 dicit:
1539 3940 1769 4030 Οὐδεὶς
1826 3949 1899 4020 δὲ
1953 3954 2285 4042 θνητῶν
2338 3957 2485 4032 ταῖς
2547 3944 2768 4037 τύχαις

736 4046 1076 4146 ἀκήρατος,
1124 4083 1203 4124 ot
1249 4062 1467 4126 θεῶν
1513 4060 1797 4144 (Hercul.
1855 4063 2069 4146 1314)

322 4183 941 4196 uffi———*-⁴———-

498 4240 546 4302 1)
586 4241 817 4290 venusta
852 4237 1251 4292 eunomiustio!

492 4325 546 4374 ’2)
582 4323 704 4378 vido
742 4323 867 4379 Βοὴ.
906 4342 958 4394 p.
1004 4328 1102 4380 127
1140 4341 1320 4394 supra.
