3117 4700
1588 170 1627 234 7

375 386 501 452 que
543 364 810 450 fecisse,
868 372 940 432 ut
986 362 1470 449 Euripidem
1524 372 1591 432 et
1648 363 2187 452 Socratem1).
2279 366 2614 452 Diogenes
2662 367 2831 434 enim

378 473 669 541 Laertius
716 470 833 559 (II,
865 471 984 559 22)
1030 470 1262 539 tradit:
1317 468 1491 538 Φασὶ
1523 459 1582 537 δ’
1613 458 1971 559 Εὐριπίδην
2003 458 2178 559 aim?
2209 465 2596 561 (Σωκράτει)
2631 467 2829 541 δόντα

369 569 796 665 Ἡρακλείτου
843 570 1243 667 σύγγραμμα,
1292 576 1580 666 ἐρέσθαι,
1635 575 1714 643 Τί
1763 579 1975 659 δοκεῖ;
2029 573 2158 644 Τὸν
2205 576 2276 644 δὲ
2323 571 2545 666 φάναι,
2576 569 2665 645 21
2708 563 2825 664 μὲν

374 688 634 776 συνῆκα,
680 689 973 772 γενναῖα·
1024 677 1210 769 οἶμαι
1241 684 1332 766 δὲ,
1379 684 1493 751 καὶ
1523 673 1567 751 ἃ
1595 680 1681 773 μὴ
1733 687 2011 773 συνῆκα·
2061 678 2234 772 πλὴν
2263 682 2516 773 Δηλίου
2548 685 2621 772 γε’
2649 711 2826 766 τινος

375 794 579 859 δεῖται
624 792 1058 880 κολυμβητοῦ.
1229 800 1235 807 ’

544 899 745 984 Atqui
793 918 1013 966 omnes
1060 899 1197 965 fere
1243 898 1610 983 scriptores,
1661 900 1772 983 qui
1819 900 1940 967 hoc
1983 899 2052 965 in
2097 919 2336 984 genere
2366 900 2607 966 versati
2655 908 2823 986 sunt,

376 1006 439 1073 id
487 1004 896 1073 consentiunt
926 1004 1303 1090 Euripidem
1351 1005 1538 1071 unius
1570 1006 2000 1089 Anaxagorae
2035 1005 2433 1073 institutione
2467 1025 2648 1072 usum
2682 1027 2825 1074 esse

372 1114 634 1199 eiusque
680 1111 881 1179 solius
926 1111 1172 1197 placita
1217 1111 1455 1179 fabulis
1494 1111 1629 1177 suis
1661 1112 2032 1197 intexuisse,
2080 1113 2184 1179 cui
2215 1113 2570 1180 sententiae
2601 1134 2643 1177 a
2673 1113 2827 1180 viris

372 1218 577 1286 doctis
641 1218 1035 1303 temporibus
1098 1219 1352 1303 imperii
1413 1218 1689 1285 Romani
1757 1226 1821 1285 et
1883 1218 2300 1287 occidentalis
2369 1226 2435 1286 et
2496 1219 2827 1287 orientalis

372 1325 741 1412 propositae
786 1325 1177 1393 recentiores
1224 1325 1534 1410 philologi
1566 1325 1765 1391 ferme
1805 1346 2024 1394 omnes
2056 1326 2591 1412 assentiebantur,
2639 1347 2824 1412 prae-

369 1431 587 1498 sertim
652 1451 847 1515 quum
908 1432 1224 1498 Heracliti
1287 1433 1652 1516 fragmenta
1717 1433 1885 1499 iusto
1953 1432 2162 1517 magis
2230 1433 2528 1517 neglecta
2589 1442 2826 1502 essent.

369 1537 514 1617 Qua
578 1537 660 1605 de
726 1559 923 1606 causa
983 1539 1582 1605 Valkenaerus
1650 1539 1715 1604 in
1786 1536 2068 1605 editione
2127 1538 2623 1605 Phoenissarum
2683 1561 2827 1607 eam

368 1645 810 1731 quaestionem
855 1666 1084 1730 parum
1121 1647 1507 1729 explanasse
1544 1643 1816 1730 videtur,
1868 1666 2009 1712 cum
2049 1645 2209 1712 satis
2240 1638 2505 1711 haberet
2536 1644 2824 1713 indicare

366 1750 744 1838 Euripidem
790 1772 981 1819 versu
1036 1754 1205 1819 1168
1252 1752 1653 1819 Heraclitum
1699 1752 2018 1818 imitatum
2064 1771 2226 1818 esse.

543 1859 772 1943 Neque
819 1866 1035 1925 tamen
1082 1859 1559 1925 Aristotelis
1595 1858 1648 1943 ²)
1705 1879 1854 1926 acre
1911 1857 2239 1942 ingenium
2297 1857 2524 1942 effugit
2569 1859 2822 1946 Euripi-

365 1966 511 2033 dem
573 1987 699 2031 non
747 1967 954 2033 solum
1000 1965 1430 2050 Anaxagorae
1479 1965 1825 2050 disciplina
1880 1965 2241 2030 institutum
2299 1963 2530 2050 fuisse,
2596 1965 2712 2032 sed
2759 1968 2825 2033 in

364 2068 725 2139 fabularum
773 2072 1236 2157 compositione
1292 2071 1487 2138 etiam
1531 2071 1846 2138 Heracliti
1903 2071 2143 2156 placita
2188 2071 2583 2157 respexisse,
2647 2074 2821 2157 quod

364 2178 846 2246 Plutarchus
872 2177 925 2266 ³)
973 2179 1130 2244 item
1176 2177 1646 2245 animadvertit.
1724 2177 1971 2256 Quodsi
2019 2198 2116 2260 ea,
2167 2198 2333 2261 quae
2364 2176 2694 2261 Diogenes
2742 2182 2816 2246 L.
2911 2178 2920 2189 '

366 2289 469 2370 211,
519 2288 609 2354 22
640 2286 771 2352 iam
802 2306 1001 2371 supra
1031 2283 1242 2373 allat.)
1289 2285 1634 2354 memoriae
1667 2283 1970 2371 prodidit,
2020 2302 2463 2369 comparamus
2510 2304 2651 2352 cum
2698 2285 2821 2353 hoc

364 2392 682 2460 Athenaei
729 2391 866 2478 (IV,
919 2392 1077 2478 134)
1124 2393 1298 2460 loco·
1353 2380 1746 2481 Ἀντιφάνης
1792 2390 1860 2458 ἐν
1905 2389 2270 2479 Καρσὶ...
2329 2392 2627 2479 κωμῳδεῖ
2673 2416 2820 2458 τινα

364 2501 491 2564 τιῖν
535 2501 762 2588 σοφῶν
809 2488 896 2578 ὦς
944 2492 1126 2586 παρὰ
1172 2499 1440 2567 δεῖπνον
1486 2486 1885 2586 ορχούμενον,
1932 2495 2134 2584 λέγων
2181 2518 2423 2576 ουτως·

1326 2655 1341 2670 .
1377 2655 1392 2670 .
1442 2593 1552 2688 οὗχ
1601 2595 1754 2693 ’ὁρᾷς
1800 2591 2177 2691 ορχοῦμενον

679 2717 825 2789 ταῖς
866 2707 1044 2797 χερσὶ
1090 2704 1205 2777 τὸν
1248 2703 1574 2800 βάκηλον,
1626 2698 1760 2778 οὔδ’
1813 2701 2179 2792 αἰσχύνεται

682 2808 718 2884 ὃ
766 2812 912 2884 τὸν
954 2808 1512 2905 Ἡράκλειτον
1558 2819 1813 2884 π”σιν
1859 2808 2430 2906 ἐξηγουμενος,

677 2915 715 2991 ὃ
760 2919 883 3013 τὴν
930 2921 1291 2992 Θεοδέκτου
1335 2917 1534 3008 μόνος
1580 2913 1938 3012 ἀνευρηκὼς
1983 2920 2223 3012 τέχνην,

678 3019 712 3097 ὅ
761 3055 853 3096 τα
915 3021 1318 3120 κεφάλεια
1364 3024 1872 3121 συγγράφων
1917 3027 2367 3119 Εὐριπίδῃ,

351 3147 551 3222 atque
598 3136 766 3204 hunc
811 3135 1262 3222 Xenophontis
1310 3138 1526 3225 (mem.
1578 3141 1626 3223 1,
1678 3138 1903 3224 6,14)
1951 3140 2176 3222 locum,
2234 3138 2343 3221 qui
2389 3146 2564 3207 recte
2611 3140 2812 3223 expli-

352 3252 539 3311 catur
594 3245 737 3311 loeo
799 3245 1028 3330 allate,
1089 3243 1423 3312 addimus:
1495 3243 1608 3310 καὶ
1668 3238 1820 3323 τοὺς
1883 3238 2252 3333 θησαυροὺς
2318 3245 2477 3310 τῶν
2545 3237 2812 3310 πάλαι

350 3351 637 3439 σοφῶν
682 3339 1027 3438 ἇνδριῖν,
1074 3343 1185 3429 οὓς
1226 3350 1460 3419 ἐκεῖνοι
1492 3349 1850 3419 κατέλιπον
1896 3349 1963 3418 ἐν
2008 3358 2091 3438 βι
2069 3347 2384 3437 ιβλίοις
2429 3342 2814 3440 γράψαντες,

350 3452 703 3529 ἀνελίττων
733 3457 916 3544 κοινῇ
961 3449 1109 3522 σὺν
1155 3461 1340 3536 τοῖς
1386 3454 1674 3547 φίλοις
1719 3454 2164 3545 διέρχομαι
2206 3455 2318 3522 καὶ
2349 3448 2428 3523 ἶὶν
2472 3481 2539 3522 τι
2572 3449 2815 3546 ὁρῶμεν

349 3552 640 3651 ἂγαθόν,
705 3552 1268 3649 ἐκλεγόμεθαε
1338 3565 1448 3631 ille
1514 3566 1860 3651 „Socrates
1907 3563 2302 3632 Heraclitum
2359 3566 2653 3632 omnibus
2703 3587 2812 3634 ex·

350 3776 769 3860 amicissimo,
841 3796 1031 3859 quem
1101 3776 1363 3863 quidem
1430 3778 1497 3843 in
1567 3778 1803 3845 fabulis
1868 3796 2124 3862 quoque
2186 3778 2673 3864 componendis,
2747 3789 2814 3846 ut

538 3971 586 4038 1)
623 3970 692 4025 cf.
720 3970 967 4043 Xenoph.
1004 3989 1160 4027 mom.
1200 3972 1243 4036 I,
1283 3977 1334 4038 6,
1380 3979 1473 4026 Νι
1510 3975 1600 4022 καὶ
1639 3966 1763 4024 τοὺς
1803 3965 2116 4040 θησαυροὺς
2153 3967 2288 4021 τῶν
2325 3963 2538 4022 πάλαι
2577 3972 2813 4042 σοφῶν

348 4055 664 4128 ὀνδριῖιν,
717 4055 810 4115 οὓς
850 4063 1051 4114 ἐκεῖνοι
1091 4058 1388 4114 κατέλιπον
1432 4064 1496 4112 ἐν
1544 4057 1853 4128 βιβλίοις
1903 4052 2244 4131 γράψαντες,
2294 4054 2603 4112 ἀνελίττων
2653 4061 2809 4132 κοινῇ

348 4143 477 4200 σὺν
514 4152 655 4203 τοῖς
692 4146 928 4219 φίλοις
964 4147 1335 4219 διέρχομαι
1372 4155 1479 4212 καὶ,
1519 4146 1597 4200 ι’ἱν
1633 4169 1686 4200 τι
1724 4146 1941 4220 ὁρῶμεν
1977 4142 2225 4221 ἀγαθόν,
2267 4142 2714 4221 διελεγόμεθα.

530 4241 584 4306 2)
620 4239 749 4294 Eth.
792 4239 913 4294 Nic.
954 4240 1105 4306 vm,
1147 4247 1195 4306 2,
1236 4259 1287 4313 p.
1335 4247 1468 4296 1155
1506 4240 1540 4294 b
1579 4239 1637 4306 1;
1676 4239 1744 4294 cs.
1783 4239 1911 4295 Eth.
1949 4239 2083 4295 Eud.
2113 4237 2265 4306 vm,
2311 4245 2355 4306 1,
2393 4257 2444 4310 p.
2480 4243 2616 4295 1235
2654 4257 2687 4294 a
2729 4245 2808 4296 16.

18 4327 21 4430 Ξ
528 4329 583 4396 3)
619 4327 683 4384 de
721 4328 863 4384 Iside
904 4335 988 4396 45,
1026 4348 1079 4402 p.
1120 4333 1243 4386 369.

17 4639 1349 4700 h—-ss———wu
