3117 4700
1607 194 1684 277 13

628 392 701 488 ‘O
744 403 1001 490 πρῶτος
1045 397 1268 485 εἰπών,
1313 401 1639 494 μεταβολὴ
1692 397 1955 471 πάντων
2005 398 2220 492 γλυκύ,

633 497 706 575 οὗ
754 498 903 598 δῆθ’
953 500 1240 597 ὑγιαίνει,
1289 499 1575 591 δέσποτ’,
1622 512 1693 578 ἐκ
1737 511 1853 595 μὲν
1898 507 2017 600 γὰρ
2062 503 2289 579 κόπων

631 604 864 703 γλυκεῖ’
915 605 1296 698 ἀνάπαυσις,
1344 617 1412 696 ἐξ
1453 606 1761 696 ἀλουσίας
1807 607 1871 684 δ’
1921 611 2090 707 ὕδωρ

631 722 742 789 καὶ
788 715 994 790 τόὶλλα
1039 720 1116 813 δὴ
1167 717 1439 795 τοιαῦτά
1484 712 1536 813 γ’
1564 747 1579 761 ·
1627 715 1705 793 ἂν
1751 712 1813 791 δ’
1866 725 1938 791 ἐκ
1984 723 2303 792 πλουσίου

630 825 884 912 πτωχὸς
928 829 1204 919 γένηται,
1248 827 1571 920 μεταβολὴ
1621 830 1754 916 μέν,
1801 823 1922 920 ἡδὺ
1970 821 2031 899 6³
2086 824 2159 899 ου’
2181 855 2195 868 ·

627 924 774 1002 ὥστ’
827 925 963 1020 οὗχὶ
1009 929 1272 1004 πάντων
1318 933 1640 1027 μεταβολὴ
1689 941 1950 1026 γλυκεῖα
1984 931 2059 1028 δή
2113 939 2325 1027 (Valk.
2363 940 2546 1006 diatr.
2580 961 2642 1025 p.
2675 940 2855 1026 237).

418 1043 555 1110 Hoc
602 1036 920 1128 (κάματον
964 1038 1129 1110 εἶναι
1162 1096 1175 1109 .
1212 1095 1226 1110 .
1262 1045 1308 1131 .)
1377 1053 1591 1112 autem
1642 1046 1962 1131 significat
2010 1046 2253 1113 eisdem·
2299 1048 2498 1114 ferme
2544 1048 2857 1114 Heracliti

417 1151 629 1216 verbis
675 1171 862 1218 usus:

621 1247 693 1322 Ὁ
736 1253 852 1345 γὰρ
898 1256 1056 1335 θέος
1102 1280 1264 1338 πως,
1310 1256 1367 1324 εἰ
1411 1250 1572 1325 θεόν
1619 1280 1745 1348 σφε
1783 1253 1894 1347 χρὴ
1946 1259 2184 1339 καλεῖν,

625 1356 921 1448 κάμνει
969 1358 1228 1442 ξυνὼν
1271 1359 1355 1429 τὰ
1397 1360 1616 1430 πολλὰ
1660 1370 1840 1443 τοῖς
1887 1353 2178 1444 αὗτοῖς
2223 1354 2350 1432 «iel
2395 1365 2502 1454 (N.
2527 1367 2601 1433 fr.
2635 1367 2855 1453 1058).

1559 1546 1706 1624 §3-

592 1652 732 1716 Etsi
777 1656 992 1714 autem
1040 1649 1152 1733 eis,
1196 1669 1365 1731 quae
1397 1649 1708 1733 adspectu
1749 1651 2076 1736 sentimus,
2123 1650 2528 1734 adducimur,
2578 1658 2648 1715 ut
2692 1651 2857 1718 nihil

413 1777 696 1841 manere,
755 1755 872 1823 sed
933 1755 1143 1823 omnia
1200 1755 1653 1838 praeterfluere
1702 1772 2102 1841 censeamus,
2166 1765 2378 1823 tamen
2424 1756 2583 1822 nihil
2629 1777 2857 1824 revera

410 1864 643 1947 interit,
691 1862 808 1929 sed
855 1862 920 1926 in
966 1862 1140 1927 aliud
1189 1863 1436 1947 transit,
1487 1870 1552 1928 ut
1600 1884 1807 1946 neque
1856 1871 2029 1930 ortus
2076 1883 2282 1947 neque
2313 1863 2608 1930 interitus
2642 1883 2855 1929 rerum

411 1972 512 2036 sit.
607 1968 969 2035 Secundum
1014 1970 1464 2052 Anaxagoram
1522 1970 1692 2035 enim
1748 1990 1956 2035 rerum
2018 1971 2426 2037 commutatio
2477 1970 2855 2036 mechanica

412 2077 693 2160 quadam
735 2076 981 2143 ratione
1026 2075 1117 2159 fit,
1168 2095 1243 2141 eo
1291 2074 1463 2158 quod
1509 2076 1771 2161 „mens“
1817 2063 2034 2160 partes
2067 2075 2378 2159 quasdam
2417 2077 2723 2160 cuiusque
2757 2077 2853 2143 rei

410 2184 685 2251 secernit
731 2190 925 2266 atque
969 2203 1167 2249 novas
1213 2204 1327 2266 pro
1376 2183 1469 2248 eis
1515 2181 1732 2266 addit;
1797 2183 2147 2249 secundum
2191 2184 2585 2250 Heraclitum
2631 2192 2852 2249 autem

410 2293 502 2359 rei
559 2291 917 2358 substantia
970 2291 1037 2356 in
1094 2290 1287 2355 aliam
1345 2290 1747 2356 convertitur.
1839 2289 2028 2369 Quod
2073 2310 2224 2358 vero
2285 2291 2352 2356 in
2400 2290 2523 2357 hac
2568 2311 2845 2358 commu-

410 2399 651 2464 tatione
681 2399 989 2482 paulatim
1021 2398 1292 2483 pristina
1320 2398 1433 2463 illa
1476 2397 1570 2463 rei
1599 2396 1956 2463 substantia
2001 2398 2190 2464 alteri
2236 2398 2472 2465 cedens
2518 2399 2847 2484 minuitur,

408 2505 569 2572 haec
598 2591 603 2596 ἢ
637 2514 851 2572 autem
919 2506 1124 2589 magis
1192 2506 1523 2589 magisque
1591 2506 1768 2570 illam
1837 2524 2148 2588 superans
2219 2511 2525 2589 augetur:
2603 2503 2851 2572 idcirco

407 2613 750 2698 scriptores
811 2612 1069 2695 quidam
1128 2611 1373 2696 dicunt,
1437 2610 1782 2677 secundum
1827 2612 2222 2677 Heraclitum
2280 2632 2498 2677 omnes
2557 2630 2658 2676 res
2705 2610 2854 2677 fieri

410 2720 856 2786 extenuatione
903 2727 966 2785 et
1013 2718 1388 2785 densatione
1434 2718 1786 2802 cademque
1834 2717 1913 2783 de
1962 2736 2157 2784 causa
2202 2717 2267 2786 in
2312 2718 2476 2783 libro
2511 2716 2592 2782 de
2626 2717 2854 2783 diaeta

406 2827 696 2893 notiones
757 2826 943 2911 „plus
1003 2832 1067 2891 et
1123 2826 1373 2891 minus“
1436 2826 1656 2891 crebro
1717 2826 2107 2908 sparsaeque
2169 2825 2362 2889 etiam
2422 2824 2488 2888 in
2534 2824 2854 2890 Heracliti

408 2930 784 3017 fragmentis
832 2940 928 3017 et,
991 2952 1155 3015 quae
1204 2931 1514 3017 dicuntur,
1566 2931 1854 3014 epistolis
1899 2930 2319 2996 inveniuntur.
2413 2931 2735 2997 Paulatim
2775 2941 2853 2998 ‘et

407 3041 802 3108 continenter
847 3058 1265 3121 unaquaeque
1312 3060 1414 3104 res
1459 3038 1526 3103 in
1569 3037 1762 3134 aliam
1800 3036 2048 3120 transit,
2098 3023 2493 3117 ἀλλοιοῦται,
2540 3047 2610 3105 ut
2644 3045 2746 3112 est
2778 3038 2850 3103 in

406 3148 567 3214 libro
613 3146 694 3213 de
742 3145 956 3211 diaeta
1002 3148 1050 3230 I,
1097 3148 1142 3212 4
1168 3144 1237 3231 l).

583 3252 888 3319 Mundum
920 3260 1251 3318 aeternum
1283 3272 1425 3319 esse
1459 3250 1616 3317 dicit
1647 3249 2009 3316 Heraclitus
2043 3248 2173 3314 his.
2223 3240 2468 3332 κόσμον
2503 3244 2617 3316 τὸν
2648 3238 2851 3318 αὐτὸν

403 3351 709 3427 ἁπάντων
756 3380 901 3424 ουτε
943 3382 1044 3436 τις
1072 3358 1245 3423 θεῶν
1292 3348 1436 3423 οὔτε
1474 3345 1843 3443 ἀνθρώπων
1874 3351 2196 3443 ἐποίησεν,
2242 3342 2380 3421 αλλ
2415 3343 2495 3444 ἦν
2524 3354 2636 3422 καὶ
2666 3351 2852 3425 ἐστιν

403 3465 513 3533 καὶ
545 3462 728 3533 ἐσται
757 3465 887 3552 πῦρ
918 3451 1201 3544 αείζωον,
1247 3453 1615 3547 απτόμενον
1659 3459 1861 3551 μέτρα
1901 3460 2013 3527 καὶ
2057 3450 2611 3549 αποσβεννύμενον
2640 3461 2854 3553 μέτρα

405 3559 576 3653 (Sch.
638 3574 713 3639 fr.
773 3573 891 3655 46,
952 3593 1008 3636 v.
1074 3570 1267 3637 etiam
1330 3590 1392 3654 p
1456 3569 1630 3658 147).
1740 3569 1916 3635 Idem
1986 3569 2180 3635 sentit
2241 3569 2622 3655 Euripides:
2696 3557 2842 3635 ἀλλ’

402 3668 737 3746 ἇθανάτου
768 3678 1072 3765 καθορῶν
1101 3668 1354 3766 φύσεως
1384 3668 1627 3760 κόσμον
1656 3664 1908 3765 ἀγήρων
1941 3676 2047 3762 (Ν.
2081 3676 2157 3741 fr.
2191 3677 2351 3764 902)
2379 3676 2448 3763 ²).
2524 3677 2737 3743 Natu
2755 3699 2852 3743 ra

583 3838 632 3907 1)
670 3837 790 3892 vide
829 3837 1066 3891 Teichm.
1104 3853 1157 3906 p.
1197 3839 1329 3900 2543
1384 3834 1455 3889 cf.
1493 3834 1762 3889 Heracliti
1797 3836 2124 3889 sententiam
2160 3835 2300 3905 apud
2338 3834 2484 3888 Sext.
2525 3834 2681 3905 Emp.
2720 3835 2848 3891 adv.

400 3927 567 3980 math.
606 3925 736 3992 VII,
790 3928 919 3981 130:
977 3919 1152 3997 ὅνπερ
1191 3917 1288 3976 οὗν
1323 3916 1534 3991 τρόπον
1572 3921 1626 3975 οἱ
1658 3919 1938 3995 ἄνθρακες
1988 3917 2385 3989 πλησιάσαντες
2429 3922 2512 3990 τῷ
2550 3927 2685 3996 πυρὶ
2720 3921 2845 3975 κατ’

400 4012 698 4067 ἀλλοίωσιν
735 4007 993 4085 διάπυροι
1030 4019 1378 4088 γίνονται...

578 4104 631 4172 2)
670 4104 1012 4170 Anaxagoras
1037 4107 1220 4174 aperte
1244 4121 1352 4157 non
1377 4103 1527 4169 dicit,
1567 4106 1750 4157 utrum
1786 4103 1876 4157 hic
1912 4102 2143 4157 mundus
2189 4101 2475 4171 aliquando
2517 4102 2850 4155 interiturus

400 4191 474 4242 sit
508 4206 703 4255 necne3
742 4190 833 4243 sed
870 4208 931 4244 ex
967 4192 1335 4261 philosophiae
1373 4194 1581 4246 ratione
1619 4193 1734 4246 eius
1759 4192 1890 4245 licet
1918 4192 2307 4259 intelligamuS,
2346 4190 2606 4244 mundum
2633 4207 2852 4260 semper

399 4291 707 4330 mansurum
744 4295 873 4343 esse,
912 4295 961 4331 v.
989 4279 1115 4333 Zell.
1155 4279 1199 4345 Ι,
1238 4284 1369 4345 99Ο;
1411 4282 1660 4350 quocirca
1695 4281 1755 4334 hi
1790 4280 2068 4349 Euripidis
2102 4296 2286 4333 versus
2322 4280 2489 4334 etiam
2526 4279 2594 4333 ad
2626 4276 2847 4333 Anaxa-

396 4377 584 4416 s’oram
618 4365 809 4418 referri
842 4371 1085 4436 possunt.
