3117 4700
1134 290 1152 323 s
1448 255 1532 319 33

1424 488 1564 560 III.

1008 619 1321 713 Λόγος
1391 617 1988 713 θεολογικός.

446 788 628 853 Hane
673 796 918 871 partem
965 788 1157 869 longe
1203 787 1530 853 minimam
1578 787 2001 871 amplitudine
2048 808 2190 854 esse
2240 796 2303 853 et
2346 796 2540 854 antea
2585 787 2719 854 dio-

264 903 403 959 tum
448 904 545 960 est
592 904 657 959 et
703 893 851 959 inde
899 901 1187 977 apparet,
1239 894 1410 976 quod
1458 894 1673 959 multis
1722 894 1879 960 loeis
1928 903 1991 960 et
2037 894 2366 979 Euripidis
2413 902 2478 961 et
2518 896 2717 961 Hera-

266 1000 405 1066 cliti
450 1002 541 1066 ita
586 999 667 1065 de
714 1001 906 1065 rebus
954 999 1187 1065 divinis
1236 999 1600 1085 disseritur,
1665 1009 1735 1066 ut
1795 1001 2010 1084 potius
2072 1002 2317 1085 primae
2375 1009 2488 1067 aut
2534 1002 2721 1067 alteri

266 1108 437 1192 parti
483 1106 877 1190 adiungendi
926 1108 1070 1172 sint.

444 1214 545 1279 Ad
593 1213 901 1281 Heracliti
962 1204 1151 1303 φύσει
1212 1200 1415 1299 ὀρθὸν
1459 1239 1571 1278 και
1618 1210 1873 1279 δίκαιον
1934 1214 2021 1299 (V.
2073 1214 2220 1280 Soh.
2267 1235 2329 1298 p.
2376 1215 2523 1281 325.
2570 1216 2718 1281 319.

266 1322 416 1389 333.
466 1324 620 1401 347)
667 1321 988 1406 pertinere
1033 1318 1333 1386 videntur
1378 1319 1709 1403 Euripidis
1754 1341 2013 1387 versus:

445 1434 536 1512 Οὗ
582 1442 703 1533 γὰρ
748 1437 1043 1530 κρεῖσσόν
1091 1467 1255 1509 ποτε
1299 1447 1428 1510 τῶν
1474 1436 1686 1527 νόμων
1733 1428 2103 1531 γιγνώσκειν
2130 1439 2243 1533 χρῆ
2286 1443 2396 1510 καὶ
2426 1446 2717 1537 μελετᾶν.

444 1544 659 1640 κούφα
705 1548 824 1638 γὰρ
870 1543 1136 1617 δαπάνα
1182 1548 1461 1634 νομίζειν
1508 1546 1686 1633 ἰσχὺν
1732 1538 1875 1616 τόδ’
1928 1547 2110 1633 ἔχειν,

444 1652 499 1739 ὅ,
544 1683 613 1724 τι
659 1647 807 1724 ποτ’
860 1650 984 1745 ἷὶρα
1029 1652 1105 1723 τὸ
1152 1650 1508 1740 δαιμόνιον,
1562 1649 1639 1724 τό
1683 1646 1738 1721 τ’
1791 1656 1858 1723 ἐν
1898 1651 2100 1745 χρόνῳ
2144 1660 2371 1746 μακρῷ

446 1757 792 1848 νόμιμον
837 1753 938 1831 ἀεὶ
985 1757 1221 1853 φύσει
1268 1788 1350 1830 τε
1396 1756 1689 1854 πεφυκός
1737 1765 1998 1851 (Baeoh.
2049 1767 2222 1850 891).

444 1893 544 1957 De
608 1891 852 1975 poetis,
916 1872 983 1955 ut
1044 1890 1322 1955 Homero
1380 1897 1445 1955 et
1506 1889 1822 1974 Hesiodo,
1886 1891 2247 1956 Heraclitus
2307 1889 2469 1958 haee
2524 1891 2715 1958 dicit:

265 1993 448 2083 (τοὺς
494 1992 805 2085 ποιητὰς)
874 1994 1020 2084 δίκη
1066 1988 1524 2083 καταλήψεται
1569 1997 1896 2079 ψευδῶν
1943 1994 2344 2074 τέκτονας
2412 1996 2524 2062 καὶ
2553 1988 2719 2084 μάρ-

264 2129 486 2191 τυρας,
566 2091 975 2180 ἀπίστους
1041 2090 1668 2192 ἀμφισβητουμένων
1728 2095 2090 2189 βεβαιωτάς
2170 2103 2347 2189 (Soh.
2420 2105 2495 2169 fr.
2570 2107 2716 2172 136.

270 2214 397 2278 136
416 2213 506 2277 bi.

444 2318 528 2385 Et
557 2317 697 2403 ipse
729 2316 1073 2402 Euripides
1104 2316 1342 2383 fabulis
1373 2315 1562 2401 fictis,
1611 2337 1778 2401 quae
1817 2337 1858 2381 a
1902 2316 2111 2401 poetis
2157 2316 2510 2403 traduntur,
2557 2337 2716 2385 sane

264 2423 568 2492 diffidens
614 2432 849 2508 monet,
896 2445 976 2490 ne
1024 2424 1118 2490 eis
1166 2422 1594 2490 confidamus:

480 2551 713 2615 Λεῖται
759 2542 879 2634 γὰρ
925 2537 959 2612 ὃ
1006 2541 1181 2628 θεός,
1228 2540 1410 2632 εἴπερ
1456 2535 1585 2613 ἔστ’
1637 2539 1840 2625 ὅντως
1884 2538 2059 2628 θεός,

479 2643 769 2732 οὐδενός·
815 2642 1119 2720 ἆοιδῶν
1166 2655 1349 2719 οἵδε
1393 2646 1788 2742 δύστηνοι
1835 2646 2073 2740 λόγοι
2119 2655 2336 2737 (Here.
2389 2653 2607 2740 1345).

478 2750 704 2839 Οὗδεὶς
749 2760 822 2826 δὲ
867 2761 1128 2848 θνητῶν
1172 2764 1319 2837 ταῖς
1363 2752 1584 2841 τύχαις
1628 2748 1970 2848 ἆκήρατός,

478 2856 553 2933 οὗ
601 2869 791 2946 θεῶν,
837 2854 972 2933 ἆοι
991 2868 1143 2932 δῶν
1186 2861 1370 2953 εἴπερ
1417 2853 1492 2931 οὗ
1540 2867 1898 2954 ψευδεῖς,
1931 2858 2114 2952 λόγοι
2162 2867 2376 2951 (Hero.
2433 2868 2650 2953 1315).

478 2967 817 3052 Μῦθοις
862 2961 927 3040 δ’
978 2965 1251 3050 ἄλλως
1296 2965 1784 3062 φερόμεσθα
1830 2974 2120 3060 (Hippol.
2176 2974 2350 3058 197).

480 3079 848 3166 Φοβεροὶ
895 3079 968 3146 δὲ
1011 3084 1306 3167 βροτοῖσι
1352 3072 1595 3163 μύθοις

476 3191 544 3251 Κ
553 3185 694 3274 έρδ
712 3210 794 3265 ος
842 3181 1006 3273 πρὸς
1053 3189 1230 3253 θεῶν
1271 3182 1638 3272 θεραπείας
1683 3187 1941 3270 (Electr.
1994 3185 2170 3272 743).

440 3311 538 3376 De
586 3310 910 3377 hominum
953 3332 1130 3378 more
1177 3307 1367 3376 dem‘n
1412 3309 1478 3376 in
1526 3311 1722 3377 aedes
1786 3309 2210 3378 ooneludendi
2258 3311 2464 3377 locum
2511 3329 2709 3394 queu-

260 3417 409 3482 dam
456 3418 815 3484 invenimus
876 3419 939 3483 in
988 3419 1173 3503 epist.
1221 3418 1474 3484 Heraol.
1525 3418 1631 3502 IV,
1679 3417 1802 3483 fin:
1870 3403 2004 3505 ‘Ae'
2058 3404 2173 3483 οὐκ
2235 3413 2369 3499 εἶμι
2430 3403 2712 3503 εὐσεβής,

254 3511 632 3604 Bistam,
677 3511 750 3603 ὃς
793 3516 991 3608 μόνος
1037 3517 1187 3592 οἶδα
1216 3515 1392 3607 θεόν,
1449 3518 1527 3590 σὺ
1570 3522 1643 3591 δὲ
1685 3522 1798 3589 καὶ
1842 3518 2093 3611 θρασὺς
2138 3519 2376 3590 εἰδέναι
2423 3512 2714 3605 οἰόμενος

260 3628 375 3696 καὶ
432 3617 670 3718 ἇσεβὴς
737 3624 852 3697 τὸν
917 3625 1004 3719 μὴ
1079 3623 1237 3698 ὄντα
1303 3629 1552 3710 δοκῶνς
1619 3624 1758 3697 ἐὰν
1826 3627 1909 3695 δὲ
1972 3624 2075 3717 μὴ
2146 3624 2451 3717 ἱδρυθῇ
2517 3629 2714 3694 θεοῦ

261 3728 562 3822 βωμός,
625 3723 768 3802 οὒκ
827 3732 1009 3803 ἔστι
1070 3728 1301 3817 θεός,
1363 3732 1502 3803 ἐὰν
1562 3735 1645 3803 δὲ
1703 3730 2008 3832 ξδρυθῇ
2064 3730 2163 3823 μὴ
2224 3737 2462 3815 θεοῖ,
2523 3727 2713 3811 θεὸς

261 3837 515 3922 ἔστιν,
589 3836 795 3908 ὥστε
852 3840 1100 3910 λίθοι
1161 3845 1368 3911 θεῶν
1426 3834 1868 3933 μάρτυρεςς
1944 3862 2215 3925 quocum
2288 3840 2713 3910 conferendus

263 3957 365 4016 est
410 3948 738 4034 Euripidis
792 3949 1019 4035 (olem.
1064 3952 1163 4016 Al.
1208 3959 1424 4018 strom.
1474 3951 1548 4035 v,
1598 3970 1657 4035 p.
1703 3950 1838 4016 584
1881 3947 1986 4032 B).
2033 3932 2061 3970 '

582 4058 842 4135 Ποῖος
887 4044 950 4121 δ’
1000 4047 1091 4122 ι’ὶν
1137 4049 1407 4136 οἶκος,
1454 4047 1772 4122 τεκτόνων
1819 4052 2146 4132 πλασθεὶς
2192 4047 2329 4120 ῧπο

582 4158 861 4245 Δέμας
905 4156 991 4229 τὸ
1038 4167 1283 4229 θεῖον
1330 4153 1770 4249 περιβάλοι
1815 4156 2048 4243 τοίχων
2094 4165 2412 4244 πτυχαῖς;

446 4284 809 4353 Heraclitus
866 4286 967 4354 his
1023 4285 1274 4354 duobus
1336 4284 1712 4370 fragmentis
1776 4304 1918 4352 eum
1977 4285 2156 4351 illum
2205 4301 2292 4351 ea
2339 4291 2548 4352 aetate
2593 4281 2721 4346 ism

264 4388 844 4458 inhonestissimum
928 4391 1191 4460 deorum
1276 4392 1543 4477 cultum,
1632 4399 1765 4456 tum
1849 4388 2310 4478 mysteriorum
2361 4386 2722 4547 3laseivium
