3117 4700
1552 193 1636 255 14

359 389 470 472 qui
531 409 609 456 eo
671 395 995 476 spectant,
1057 408 1298 473 paucos
1357 388 1657 474 afferam,
1720 387 2013 474 inprimis
2073 387 2246 457 hunc
2287 387 2601 456 Heracliti
2653 388 2816 476 ipsis

358 497 559 563 ferme
605 495 819 563 verbis
867 513 1275 582 expressum:

543 597 640 668 Τὰ
682 597 899 690 θνητὰ
940 591 1225 671 τοιαῦτ’·
1273 590 1518 670 οὐδὲν
1564 601 1642 671 ἐν
1686 588 1953 690 ταῦτῴ
1997 601 2220 686 μένει
2267 602 2442 691 (Jon.
2489 602 2672 691 969).

357 711 522 775 Tum
569 716 1015 794 comparentur
1059 728 1304 795 versus,
1353 709 1463 794 qui
1508 717 1897 794 sequuntur:

542 809 638 881 Τὰ
682 809 898 904 θνητὰ
944 803 1006 881 δ’
1061 803 1137 881 οὗ
1184 815 1291 882 νῦν
1338 816 1600 904 πρῶτον
1646 806 1926 904 ἡγοῦμαι
1972 807 2162 884 σκιάν
2208 815 2405 905 (Med.
2459 816 2698 905 1224).ι

535 912 817 988 Πάντων
864 917 941 988 τὸ
990 925 1218 988 θανεῖν
1267 920 1433 1008 (Alc.
1479 922 1660 1009 419).

535 1030 814 1116 Βροτοῖς
845 1021 1058 1095 ἅπασι
1089 1033 1444 1096 κατθανεῖν
1475 1016 1808 1118 ὀφείλεται
1840 1030 2003 1108 (Alc.
2031 1032 2196 1113 7823
2244 1030 2323 1097 cf.
2354 1030 2551 1097 Andr.
2590 1032 2814 1114 1272),

358 1135 589 1218 quibus
645 1135 859 1203 verbis
913 1137 1222 1203 Hercules
1284 1142 1516 1222 potans
1580 1157 1833 1204 servum
1895 1136 1964 1202 id
2027 1138 2295 1204 moleste
2359 1140 2668 1205 ferentem
2733 1136 2815 1203 de

357 1262 567 1309 rerum
612 1250 844 1309 natura
888 1243 1092 1310 docet.

950 1337 1063 1426 Ὡς
1108 1339 1421 1437 ἐφήμεροι
1468 1339 1650 1430 τύχαι
1696 1349 1976 1434 (Heracl.
2026 1351 2207 1436 866).

358 1456 443 1520 Hi
502 1455 628 1523 duo
675 1454 1002 1541 Euripidis
1064 1450 1191 1522 loci
1253 1462 1426 1522 certe
1488 1454 1858 1540 significant
1902 1458 2212 1524 Heracliti
2272 1456 2585 1523 rationem
2644 1478 2812 1524 com-

357 1561 683 1628 mutandi:

652 1656 788 1735 Ἀεἱ
835 1664 912 1735 τὸ
957 1666 1075 1752 μὲν
1121 1668 1215 1757 ζῇ,
1262 1661 1339 1735 τὸ
1386 1666 1460 1735 δέ
1501 1664 1906 1752 μεθίσταται
1951 1660 2170 1752 κακόν,

658 1770 738 1842 τὸ
783 1762 848 1843 δ’
901 1761 981 1841 αὗ
1027 1772 1316 1863 πέφηνεν
1363 1760 1561 1854 αὖθις
1605 1774 1675 1854 ἐξ
1717 1762 1908 1863 ἀρχῆς
1953 1775 2095 1844 νέον
2142 1777 2250 1861 (N.
2298 1778 2371 1843 fr.
2421 1776 2556 1864 35).

663 1877 757 1950 Τὸ
801 1880 918 1966 μὲν
964 1879 1241 1969 τέθνηκε
1284 1884 1503 1965 coapta·
1549 1884 1747 1949 τοῦτο
1794 1869 1859 1948 δ>
1913 1871 2289 1970 ἀναβλέπει,

359 1989 712 2057 scholiasta
755 1994 1039 2074 notante,
1087 1987 1462 2074 Euripidem
1507 2010 1970 2073 saepenumero
2016 1987 2284 2076 βλέπειν
2327 2010 2444 2076 pro
2484 1989 2598 2078 ζῆν
2628 2009 2819 2075 usum

356 2117 517 2163 esse.
580 2096 889 2164 Conferas
919 2103 1135 2162 autem
1155 2094 1484 2162 Plutarchi
1509 2114 1764 2218 quoqjue
1797 2090 2035 2163 consol.
2070 2096 2156 2161 ad
2180 2096 2392 2182 Apoll,
2424 2099 2523 2182 10,
2556 2118 2617 2182 p.
2649 2098 2813 2163 106:

357 2203 467 2269 καὶ
513 2189 554 2292 ᾗ
599 2223 797 2293 φησιν
837 2192 1427 2291 (Ηράκλειτος,
1473 2188 1691 2267 ταῦτ’
1744 2194 1968 2268 εἶναι
2014 2201 2161 2282 ζῶν
2207 2227 2318 2268 και
2362 2193 2818 2290 τεθνηκός,

356 2307 468 2376 καὶ
512 2303 589 2376 τὸ
636 2301 974 2399 ἐγρηγορὸς
1005 2307 1118 2412 καὶ
1155 2302 1232 2376 τὸ
1264 2308 1608 2390 καθεῦδον,
1655 2333 1767 2374 και
1815 2305 1993 2376 νέον
2038 2307 2151 2376 καὶ
2194 2301 2574 2399 ιγηραιόν·
2618 2300 2820 2376 τάδε

356 2412 503 2504 γὰρ
571 2403 1166 2500 μεταπεσόντα
1231 2407 1500 2484 ἐκεῖνά
1567 2414 1747 2483 ἐστι
1815 2403 2165 2483 κακεῖνα
2233 2409 2488 2482 παλιν
2552 2437 2818 2499 μετα-

357 2515 735 2590 πεσόντα
780 2524 1059 2590 ταῦτα.
2727 2533 2736 2541 “

901 2624 993 2696 Τὸ
1043 2619 1378 2713 δαιμόνιον
1425 2617 1536 2712 mix
1582 2619 1733 2718 ορᾷς

678 2730 812 2824 όπῃ
859 2740 1057 2824 μοῖρα
1103 2733 1521 2823 διεξέρχεταις

675 2840 940 2931 στρέφει
985 2829 1049 2908 δ’
1104 2833 1340 2920 ἄλλους
1385 2833 1601 2921 ἄλλως
1646 2841 1738 2920 εἷς
1784 2833 2026 2928 αμέραν
2075 2841 2182 2930 (N.
2230 2842 2304 2908 fr
2359 2841 2535 2927 151).

360 2950 537 3018 Conf.
572 2950 803 3016 librum
834 2947 917 3014 de
950 2948 1168 3015 diaeta
1199 2951 1249 3033 1,
1298 2951 1340 3015 5
1369 2947 1417 3035 ¹)
1466 2949 1671 3037 φοιτᾷ
1700 2952 1879 3014 κεῖνα
1911 2935 2035 3013 ὧδε
2066 2947 2175 3014 καὶ
2207 2941 2362 3014 τάδε
2390 2953 2564 3014 κεῖσε
2593 2941 2819 3037 πόσην

357 3049 558 3145 εἶ’ρηνς
641 3063 706 3123 et
765 3057 822 3139 I,
902 3057 947 3119 4
1007 3045 1497 3141 συμμισγόμενα
1566 3053 1638 3120 δέ
1718 3053 1829 3119 καὶ
1911 3045 2365 3141 διακρινόμενα
2433 3042 2820 3133 ἀλλοιοῦται

358 3163 477 3250 (==
508 3159 903 3246 qualitatem,
938 3160 1008 3226 id
1040 3160 1212 3244 quod
1245 3161 1439 3226 sentit
1468 3161 1852 3244 Heraclitus,
1902 3169 2309 3245 commutant,
2343 3161 2493 3227 vide
2524 3160 2816 3227 Teichm.

356 3290 418 3354 p.
478 3267 660 3355 254.)
720 3274 784 3333 et
840 3269 901 3352 I,
964 3269 1042 3334 5:
1113 3257 1494 3355 φοιτώντων
1556 3265 1629 3332 δέ
1688 3262 1944 3332 ἐκείνων
2007 3254 2130 3332 ὧδε
2192 3266 2301 3332 καὶ
2365 3254 2554 3334 τῶνδ’
2606 3265 2819 3333 ἐκεῖσε

356 3370 890 3460 συμμισγομένων
921 3366 1086 3459 πρὸς
1117 3363 1384 3460 ἷίλληλα,
1431 3367 1522 3461 τὴ
1545 3399 1580 3439 ν
1627 3369 2184 3461 πεπρωμένην
2213 3378 2513 3461 μοῖραν
2558 3370 2817 3440 ἕκασ-

355 3503 499 3547 τον
545 3478 972 3567 ἐκπληροῖ.

535 3588 866 3653 Postremo
914 3584 1083 3652 adde
1132 3585 1301 3651 hunc
1344 3531 1673 3671 Euripidis
1722 3588 1962 3652 locum:

601 3685 910 3759 Ἅπαντα
954 3687 1157 3758 τίκτει
1204 3684 1384 3774 χθων
1430 3684 1634 3758 πάλιν
1678 3714 1750 3758 τε
1795 3683 2106 3776 λαμβάνει
2157 3692 2261 3777 (Ν.
2312 3692 2387 3758 fr.
2419 3693 2593 3777 195).

538 3853 590 3923 1)
628 3853 791 3907 Libro
828 3852 892 3907 de
931 3853 1132 3918 diaeta,
1173 3852 1269 3920 qui
1304 3849 1439 3906 falso
1477 3851 1722 3905 addictus
1758 3855 1843 3907 est
1877 3851 2088 3904 nomini
2123 3850 2495 3920 HippocratiS,
2540 3852 2814 3921 permulta

355 3959 421 3996 cx
446 3941 717 3996 Heracliti
752 3941 938 3995 libello
975 3940 1209 4011 repetita
1244 3919 1611 4006 continentur,
1652 3957 1786 4009 quae
1823 3940 2151 4007 Bernaysius
2189 3939 2438 4009 inprimis
2475 3938 2812 4008 (Heraclitca

356 4034 496 4099 part.
523 4030 572 4098 1)
608 4029 857 4084 excussit.
919 4028 980 4083 Si
1005 4045 1117 4082 rem
1144 4045 1355 4083 omnem
1380 4033 1583 4099 specto,
1620 4029 1764 4083 locos
1788 4046 1820 4082 a
1844 4028 2135 4082 Schustcro
2161 4043 2224 4081 ex
2249 4027 2345 4081 1110
2369 4027 2509 4080 libro
2533 4032 2814 4098 susceptos

357 4117 696 4172 Heracliteos
732 4134 846 4171 esse
883 4118 1188 4187 comprobO,
1226 4118 1292 4171 de
1329 4122 1570 4188 tempore
1597 4123 1796 4184 autem,
1836 4133 1941 4185 quo
1977 4117 2119 4170 liber
2153 4116 2218 4170 de
2256 4115 2436 4170 diaeta
2472 4117 2812 4186 conscriptus

358 4205 446 4268 sit,
487 4204 914 4259 Teichmuellcro
952 4206 1217 4259 assentior
1254 4204 1637 4274 (HeracleitoS,
1677 4223 1730 4276 p.
1770 4211 1877 4261 250
1914 4209 1971 4261 et
2006 4222 2095 4274 qu.
2135 4205 2305 4275 sequ.)
2381 4203 2634 4259 Ceterum
2671 4221 2810 4258 nun·

360 4306 520 4426 guam
566 4308 732 4359 paene
784 4309 946 4360 cogor
990 4294 1049 4346 in
1094 4292 1196 4346 hac
1232 4296 1685 4350 commentatione
1724 4295 1939 4364 longius
1975 4293 2227 4363 progredi
2270 4310 2429 4363 quam
2467 4293 2671 4348 Zellero
2710 4293 2814 4347 hac

396 4391 424 4425 0
461 4393 517 4428 re
552 4378 782 4433 videtur.
