3117 4700
8 1848 45 1901 p

3 3891 66 3920 b

6 4561 47 4650 Γιτ

1504 165 1592 231 23

324 360 539 445 gibus,
584 359 774 426 modo
820 361 903 426 ab
950 361 1089 445 hoc,
1137 360 1327 427 modo
1374 360 1457 426 ab
1503 359 1615 426 illo
1661 357 2041 445 philosopho
2087 357 2439 424 sententias
2485 356 2761 442 repetiit,

324 488 488 551 quas
520 488 715 552 saepe
747 467 1123 553 immutavit,
1172 475 1242 535 ut
1288 467 1349 534 ei
1394 467 1750 551 videbatur,
1798 486 1992 551 saepe
2036 464 2206 531 hand
2240 465 2402 531 bene
2433 463 2759 535 intellexit.

323 575 536 658 Atque
580 573 648 639 in
694 572 795 639 his
842 594 1098 658 quoque
1144 575 1320 661 locis,
1369 575 1479 659 qui
1510 582 1875 659 sequuntur,
1923 581 2131 639 utrum
2161 571 2367 656 magis
2401 568 2762 639 Heraclitus

320 702 407 747 an
432 682 855 766 Anaxagoras
902 681 961 747 ei
1007 691 1157 749 ante
1203 683 1419 750 oculos
1465 683 1840 751 obversatus
1887 681 1989 765 sit,
2023 675 2296 746 maxin‘ie
2341 678 2600 744 dubium
2646 686 2762 744 est.

1724 812 1796 887 ‘0
1840 822 1986 901 νοῦς

638 930 770 994 τῶν
814 921 1278 996 κατθανόντων
1323 929 1412 1019 ζῇ
1455 928 1599 1013 μὲν
1645 953 1767 1007 ov,
1814 920 2138 1015 γνώμην
2182 915 2248 992 δ
2299 921 2465 1010 ε’χει

636 1024 971 1102 ἀθάνατον
1016 1034 1108 1116 εἷς
1152 1024 1486 1104 αθάνατον
1532 1024 1741 1123 αἶθέρ
1793 1026 2091 1119 ἐμπεσών
2136 1035 2306 1120 (Hel.
2362 1033 2559 1118 1015)
2589 1031 2658 1119 ¹).

623 1136 823 1209 Ὅθεν
867 1132 933 1208 δ
985 1140 1261 1210 ἕκαστον
1304 1141 1397 1223 εἶς
1441 1137 1517 1210 τὸ
1565 1130 1723 1228 σῶμ
1774 1130 2067 1232 ἄφίκετο,

634 1236 895 1316 ἐνταῢθ
947 1237 1291 1329 ἆπελθεῖν,
1338 1252 1592 1334 πνεῦμα
1635 1248 1752 1334 μὲν
1797 1244 1963 1373 πρὸς
2008 1245 2265 1334 αἰθέρα,

633 1349 709 1421 τὸ
756 1354 828 1422 δὲ
872 1359 1063 1441 σῶμα
1109 1344 1176 1423 δ
1228 1354 1321 1435 εἷς
1366 1359 1516 1445 γῆν·
1565 1347 1705 1423 ovim
1752 1351 1869 1443 γὰρ
1915 1348 2289 1444 κεκτήμεθα
2330 1378 2348 1425 .·

632 1452 939 1550 ἡμέτερον
983 1451 1145 1531 αὐτὸ
1190 1459 1369 1553 πλὴν
1415 1461 1745 1552 ἐνοικῆσαι
1790 1460 1953 1550 βίον,

632 1560 915 1635 κῖἱπειτα
958 1565 1078 1659 τὴν
1124 1568 1480 1657 θρέψασαν
1524 1559 1682 1637 αὖτό
1731 1573 1828 1637 δεῖ
1872 1570 2113 1657 λαβεῖν.

634 1674 892 1762 (Suppl.
939 1679 1105 1761 532;
1157 1677 1238 1745 cf.
1286 1679 1367 1745 N.
1416 1678 1492 1745 fr.
1547 1680 1687 1746 195.
1736 1676 1914 1765 961).

494 1818 730 1884 Prioris
775 1819 899 1886 loci
946 1840 1173 1887 versu:
1230 1808 1266 1886 ὃ
1310 1821 1457 1898 νοῦς
1500 1822 1632 1888 τῶν
1677 1811 2140 1887 κατθανόντων
2185 1817 2258 1906 ζῇ
2293 1814 2418 1900 ,μὲν
2464 1805 2558 1894 οἷῗ,
2602 1804 2763 1900 γνώ-

313 1951 442 2015 μην
470 1913 536 1991 δ’
573 1920 696 2007 ἔχει
728 1912 1085 2009 ἆθότνατον,
1132 1926 1320 1992 reddi
1350 1927 1608 1994 videtur
1636 1926 1948 1994 Heracliti
1978 1925 2314 2007 sententia,
2363 1930 2433 1990 ut
2478 1942 2620 1988 eam
2651 1940 2760 1985 ex-

315 2033 515 2118 plicat
553 2032 976 2100 Schusterus:
1026 2034 1291 2100 Animus
1339 2034 1612 2101 hominis
1658 2055 1982 2118 nunquam
2027 2032 2274 2117 interit,·
2309 2029 2427 2097 sed
2471 2028 2535 2093 in
2584 2026 2761 2111 quie-

316 2148 447 2206 tem
518 2138 744 2206 incidit
812 2141 913 2208 sui
960 2163 1086 2207 non
1134 2162 1396 2228 compos
1457 2149 1528 2209 ut
1589 2140 1654 2207 in
1702 2162 1953 2227 somno,
2011 2140 2405 2225 proprietate
2451 2155 2569 2202 sua
2615 2153 2760 2200 con-

316 2253 591 2312 servata.
654 2246 868 2313 Etiam
902 2249 1068 2314 alter
1095 2268 1321 2316 versus
1352 2269 1476 2314 non
1513 2249 1813 2315 abhorret
1844 2268 1882 2312 a
1914 2246 2305 2315 Theodoreti
2336 2240 2762 2329 explicatione

314 2354 723 2420 Heracliteae
768 2356 1162 2439 sententiae3
1210 2356 1328 2422 sed
1374 2356 1433 2422 si
1476 2356 1789 2442 respicias
1822 2357 2134 2423 Zellerum
2167 2358 2216 2432 Ι,
2265 2374 2325 2438 p.
2357 2354 2488 2419 908
2520 2347 2666 2414 adn.
2701 2348 2760 2431 2,

314 2460 451 2527 veri
500 2461 769 2528 similius
816 2462 911 2527 illi
945 2462 1070 2530 loci
1100 2462 1186 2528 ad
1222 2464 1678 2549 Anaxagoram
1725 2462 2046 2532 referendi
2093 2469 2258 2545 sunt,
2305 2478 2511 2542 neque
2556 2455 2764 2521 minus

314 2565 419 2634 hic
465 2565 574 2652 (N.
621 2570 696 2635 fr.
744 2569 942 2657 836):

952 2699 1171 2780 Χωρεῖ
1215 2681 1279 2759 δ’
1332 2682 1552 2762 ὀπίσω

948 2796 1032 2868 τὰ
1077 2799 1195 2884 μὲν
1239 2800 1309 2868 ἐκ
1356 2798 1548 2891 γαίας
1593 2791 1777 2891 φύντ’
1829 2800 1922 2882 εἰς
1967 2805 2176 2888 γαῖαν,

950 2902 1034 2974 τὰ
1080 2908 1120 2973 δ
1132 2896 1149 2920 ’
1200 2894 1315 2974 ἀπ’
1368 2904 1671 2995 αἰθερίου
1715 2902 2086 2996 βλαστόντα
2132 2909 2322 2996 γονῆς

947 3012 1043 3093 εἷς
1088 3002 1389 3100 οὗράνιον
1436 3007 1642 3080 πάλιν
1686 3001 1854 3103 ἦλθε
1903 3006 2145 3082 πόλον·

946 3112 1225 3207 θνήσκει
1273 3110 1337 3188 δ’
1393 3108 1582 3187 οὗδὲν
1625 3124 1758 3187 τῶν
1803 3118 2194 3208 γιγνομένων

945 3218 1439 3316 διακρινόμενον
1485 3219 1649 3294 ἄλλο
1697 3221 1862 3316 πρὸς
1907 3220 2109 3294 ἄλλοι·

940 3328 1206 3424 μορφὴν
1250 3330 1480 3424 ἑτέραν
1524 3331 1864 3415 ἐπέδειξεν.

304 3456 447 3522 Ηοο
491 3463 705 3522 autem
752 3456 815 3521 in
860 3458 1005 3528 loco
1055 3459 1346 3547 (Hercul.
1397 3461 1595 3543 660):

482 3574 943 3663 Κατθανόντες
988 3570 1048 3649 τ’
1100 3581 1196 3663 εἰς
1241 3576 1450 3678 αὐγὰς
1496 3574 1699 3648 πάλιν
1743 3573 1786 3649 ἆ
1803 3582 1842 3647 λ
1859 3579 1885 3648 ἰ
1904 3606 1940 3648 ο
1959 3607 1997 3646 υ
2043 3574 2307 3658 δισσοὺς
2353 3568 2431 3644 ἂν
2474 3573 2629 3662 ἔβαν
2672 3578 2772 3644 δι-

300 3678 538 3766 αύλους
582 3686 921 3772 Euripides
988 3712 1114 3758 non
1178 3695 1395 3762 solum
1453 3711 1640 3757 avem
1704 3692 1880 3757 illam
1927 3686 2344 3770 Phoenicem,
2405 3684 2522 3752 sed
2577 3685 2772 3750 etiam

300 3793 611 3860 Heracliti
658 3795 923 3860 solem
970 3796 1390 3880 significasse
1436 3797 1711 3884 videtur,
1759 3797 1870 3881 qui
1903 3794 2092 3862 sedes
2140 3793 2226 3860 sit
2257 3792 2487 3859 mentis
2517 3789 2773 3856 divinae

297 3907 495 3983 atque
542 3907 768 3967 auctor
814 3902 1024 3968 omnis
1070 3904 1263 3974 vitae.

482 4133 532 4200 1)
571 4131 715 4202 apud
752 4131 1089 4188 Heraclitum
1140 4134 1430 4194 interdum
1481 4129 1659 4204 αἰθὴρ
1707 4158 1777 4180 ==
1823 4127 1934 4200 ᾰὴρ
1981 4131 2222 4198 (Schust.
2273 4147 2324 4201 p.
2371 4131 2470 4182 158
2506 4123 2654 4194 adn.)
2709 4148 2776 4172 a·-

296 4239 450 4277 mone
484 4221 673 4275 mundi
710 4220 894 4275 divina
937 4223 1007 4290 (v.
1046 4223 1266 4283 Schuet.
1312 4243 1372 4298 p.
1420 4228 1511 4278 181
1555 4223 1704 4290 adn.)

478 4329 533 4394 2)
571 4327 697 4382 Βοὴ.
734 4326 800 4383 fr.
841 4333 925 4383 77.
966 4333 1050 4385 79.
1086 4334 1172 4384 so.
1213 4337 1325 4398 om
1372 4347 1421 4384 v.
1461 4333 1519 4384 ot
1554 4346 1606 4400 p.
1645 4335 1750 4387 223
1787 4335 1846 4384 et
1880 4346 1934 4400 p.
1973 4330 2099 4382 227.
