3117 4700
1525 232 1592 294 11

334 427 478 494 adv.
510 425 705 495 math.
738 427 877 513 VII,
930 429 1055 494 129
1078 426 1281 494 2-130
1307 423 1359 513 ¹)
1407 433 1684 494 mentem
1716 417 1958 515 (λόγον,
2005 423 2204 513 νοῦν),
2253 426 2466 513 potius
2507 433 2786 495 mentem

334 553 729 602 communem
761 528 1010 622 (κοινὸν
1040 525 1262 623 λόγον)
1295 534 1431 601 sive
1464 533 1767 618 divinam,
1803 533 1981 600 cuius
2014 533 2481 602 eruditissimus
2516 534 2789 619 quisque

334 641 655 727 particeps
672 641 757 708 sit
775 634 910 729 (διὸ
932 641 1031 707 δεῖ
1055 637 1338 707 ἕπεσθαι
1360 642 1451 727 τῷ
1474 639 1640 728 ξυνῷ
1660 630 1915 730 (λόγῳ)·
1937 642 2055 706 τοῦ
2071 632 2266 727 λόγου
2282 639 2356 709 δὲ
2368 633 2588 720 ἐόντος
2602 640 2792 721 ξυνοῦ

336 738 603 827 ζώουσιν
650 743 714 814 οἱ
759 746 1003 814 πολλοὶ
1050 738 1137 826 ώς
1183 743 1360 814 ἰδίαν
1404 742 1655 830 ἔχοντες
1701 736 2030 835 φρόνησιν,
2079 747 2225 815 Sch.
2258 747 2334 814 fr.
2371 747 2437 834 7)
2484 747 2789 834 iudicare,

336 854 547 921 sintne
591 875 779 939 vera,
843 873 1011 938 quae
1058 853 1353 921 sensibus
1399 854 1835 939 percepimus,
1883 874 2105 923 necne.
2196 853 2377 922 Idem
2421 855 2617 922 sentit
2661 855 2787 920 Eu-

336 960 608 1045 ripides:
657 948 733 1027 οὗ
776 954 897 1048 γὰρ
941 948 1296 1050 ὀφθαλμὸς
1342 954 1419 1026 τὸ
1465 955 1702 1049 κρίνον,
1748 951 1918 1026 ἀλλὰ
1963 963 2109 1039 νοῦς
2156 960 2262 1047 (N.
2296 961 2372 1027 fr.
2405 960 2584 1045 901).
2654 962 2784 1031 Na-

332 1076 479 1133 tura
524 1067 695 1134 enim
740 1076 811 1134 ut
857 1056 1023 1134 deus
1050 1066 1405 1152 Delphicus
1431 1066 1483 1153 ²)
1530 1066 1689 1132 nihil
1720 1073 1943 1152 aperte
1975 1066 2217 1154 dicens,
2265 1068 2384 1134 sed
2414 1068 2788 1152 significans

333 1194 404 1241 se
448 1173 688 1241 abdere
733 1172 969 1259 studet,
1019 1181 1089 1239 ut
1135 1174 1326 1260 pauci
1372 1180 1623 1240 tantum
1668 1173 1918 1241 ratione
1962 1194 2043 1241 ac
2071 1182 2286 1242 mente
2316 1175 2610 1244 instructi
2645 1195 2788 1242 eam

336 1279 697 1365 intelligere
755 1279 1021 1366 possint.
1116 1279 1324 1355 Quam
1385 1282 1468 1346 ob
1536 1299 1674 1347 rem
1731 1299 1922 1346 aures
1991 1280 2289 1365 oculique
2357 1302 2605 1367 eorum,
2680 1281 2791 1365 qui

334 1387 601 1453 rationis
648 1393 947 1478 en-pertes
994 1394 1160 1472 sunt,
1208 1407 1338 1453 non
1383 1392 1654 1471 possunt
1700 1394 1874 1454 recte
1921 1407 2311 1471 cognoscere
2358 1384 2579 1474 (κακοὶ
2623 1379 2790 1474 μάρ-

335 1517 516 1581 τυρες
560 1480 977 1580 ἀνθρώποισι
1043 1481 1388 1583 ὀφθαλμοὶ
1456 1491 1568 1559 καὶ
1639 1481 1776 1559 ὦτα
1833 1485 2196 1582 βαρβάρους
2255 1489 2468 1581 ψυχὰς
2520 1485 2793 1576 ἐχόντων

340 1599 519 1686 (Sch.
567 1600 647 1683 fr:
700 1599 832 1687 11),
882 1619 1075 1684 quam
1138 1600 1523 1667 sententiam
1571 1599 1917 1686 Euripides
1962 1601 2049 1666 ad
2094 1600 2293 1667 vitam
2339 1601 2535 1668 refert
2583 1600 2788 1685 quoti-

338 1704 631 1773 dianam:
673 1777 683 1788 ,

652 1808 874 1900 Δίκη
923 1806 1072 1901 γὰρ
1119 1799 1265 1879 οὗκ
1309 1800 1564 1879 ἔνεστ’
1615 1811 1698 1880 ἐν
1743 1801 2228 1903 ὀφθαλμοῖς
2273 1817 2613 1902 βροτῶν,

653 1911 835 1997 ὅστις
882 1916 1039 2006 πρὶν
1083 1906 1315 2007 ἀνδρὸς
1359 1915 1731 2007 σπλαγχνὸν
1774 1920 2089 2005 ἐκμαθεῖν
2133 1923 2362 2009 σαφῶς

652 2029 871 2111 στυγεῖ
917 2020 1238 2113 δεδορκώς
1284 2013 1469 2092 οὐδὲν
1515 2014 1899 2115 ἧδικημένος
1944 2027 2143 2112 (Med.
2192 2030 2387 2113 213);

334 2130 857 2216 qnandoquidem
919 2131 1163 2199 indocti
1224 2132 1441 2218 pravis
1502 2131 1760 2199 iudiciis
1821 2133 1995 2218 capti
2055 2143 2234 2219 sunt,
2298 2154 2514 2201 eorum
2573 2134 2787 2201 obser-

335 2238 701 2306 vationibus
747 2238 956 2305 minus
1004 2237 1156 2305 fidei
1204 2238 1613 2306 tribuendum
1660 2249 1774 2306 est.

509 2365 740 2448 Neque
787 2384 939 2431 vero
984 2363 1214 2429 mirum
1261 2373 1378 2449 est,
1428 2365 1603 2447 quod
1633 2366 2017 2450 HeraclituS,
2067 2386 2209 2432 cum
2250 2368 2789 2453 contemplatione

333 2478 602 2538 naturae
665 2476 860 2554 atque
919 2477 1266 2555 conspectu
1328 2472 1539 2555 legem
1602 2471 1741 2539 eius
1805 2474 2120 2539 occultam
2181 2473 2650 2559 perspexisset,
2722 2483 2790 2539 ut

333 2576 574 2644 Thales
607 2575 769 2643 iuud
799 2569 1050 2664 εὕρηκα,
1082 2577 1225 2662 ipse
1248 2578 1548 2645 iactavit:
1584 2569 1970 2666 ἐδιζησάμην
1993 2569 2312 2663 ἐμεωυτόν
2343 2578 2522 2665 (Sch.
2551 2579 2627 2645 fr.
2656 2577 2790 2665 20).

332 2684 640 2752 Senserat
702 2682 872 2750 enim
917 2683 1095 2749 illum
1152 2684 1367 2750 παῖδα
1412 2681 1738 2766 παίζοντα
1794 2682 1974 2770 (8011.
2023 2687 2096 2751 fr.
2143 2684 2262 2771 49)
2327 2685 2462 2752 sive
2519 2678 2791 2774 γήὖμην,

333 2810 501 2875 quae
547 2789 715 2874 regit
759 2811 970 2856 rernm
1015 2798 1310 2857 naturam
1357 2790 1538 2877 (Sch.
1588 2793 1664 2859 fr.
1697 2791 1844 2879 24);
1892 2811 2205 2858 summam
2250 2791 2449 2876 igitur
2493 2812 2639 2860 esse
2685 2813 2788 2859 sa-

336 2896 677 2983 pientiam,
742 2917 886 2963 eam
945 2897 1338 2982 intelligere,
1409 2904 1605 2981 atque
1663 2899 1860 2983 scire,
1923 2918 2066 2965 eam
2128 2907 2443 2966 secretam
2503 2919 2649 2966 esse
2708 2901 2791 2965 ab

332 3001 627 3070 omnibus
687 3003 879 3071 rebus
937 3001 1117 3090 (Sch.
1167 3005 1242 3072 fr.
1298 3003 1427 3091 13).
1520 3005 1707 3072 Hanc
1752 3011 1965 3072 autem
2013 2996 2271 3093 γνώμην
2316 3004 2454 3072 sive
2512 2998 2796 3092 (κοινὸν)

332 3100 529 3198 λόγον
575 3109 714 3177 sive
760 3100 958 3200 φύσιν
1007 3131 1151 3178 esse
1197 3099 1419 3200 ἀφανῆ
1464 3100 1798 3198 ἁρμονίαν,
1846 3132 2012 3196 quae
2060 3111 2319 3197 quidem
2349 3111 2575 3179 melior
2621 3119 2795 3179 esset

330 3216 448 3304 τῆς
493 3216 804 3305 φανερᾶς,
863 3216 982 3285 sed
1037 3237 1117 3283 ex
1162 3216 1287 3285 hac
1333 3225 1580 3284 tantum
1625 3218 1802 3284 illam
1862 3217 2152 3304 intellegi
2197 3238 2425 3305 posse;
2491 3219 2791 3302 quocirco

330 3322 424 3389 ait
469 3321 871 3390 Heraclitus:
939 3316 1111 3390 ὅσων
1156 3315 1348 3410 ὄψις,
1412 3310 1575 3412 ἇκοή
1594 3374 1611 3406 ,
1666 3315 1985 3412 μάθησις,
2032 3325 2239 3390 ταῦτα
2283 3319 2409 3412 ἐγώ
2457 3322 2790 3414 προτιμέω

330 3428 513 3514 (8011.
560 3430 639 3495 fr.
687 3431 764 3511 83
812 3430 891 3495 cf.
940 3430 1195 3516 Hippol.
1242 3431 1427 3497 refut.
1476 3429 1655 3497 haer.
1704 3431 1819 3516 IX,
1865 3429 2135 3518 9—10).

511 3551 689 3620 Satis
734 3561 951 3621 autem
997 3554 1236 3621 habent
1298 3554 1511 3640 multi,
1578 3563 1817 3622 temere
1878 3555 2116 3624 sentire
2165 3555 2340 3634 (Sch.
2387 3558 2461 3623 fr.
2510 3555 2614 3640 2),
2677 3556 2792 3623 sed

332 3648 368 3744 ἦ
421 3653 697 3748 οἵησίς
743 3657 975 3727 ἐστιν
1019 3656 1196 3749 ἱερὰ
1247 3652 1492 3739 νόσος
1539 3661 1718 3748 (Sch.
1752 3662 1826 3728 fr.
1860 3664 1986 3746 333
2033 3662 2111 3729 cf.
2145 3662 2282 3748 34),
2315 3671 2382 3730 et
2411 3661 2789 3748 Euripides:

333 3765 693 3853 ζητῶμεν·
718 3755 754 3854 ἦ
784 3759 1106 3856 δόκησις
1129 3754 1392 3855 ἆνθρα’
1415 3791 1601 3848 ποις
1625 3758 1870 3835 κακόν
1896 3769 2004 3856 (N.
2029 3770 2103 3835 fr.
2129 3769 2311 3856 279).
2356 3771 2460 3836 De
2483 3769 2788 3856 gravissi·

332 3871 453 3940 mis
476 3872 675 3956 igitur
698 3873 887 3941 rebus
912 3880 1150 3942 temere
1175 3875 1519 3958 loquuntur
1543 3870 1658 3964 (μὴ
1697 3873 1872 3964 εἰκῆ
1906 3874 2055 3962 περὶ
2085 3878 2216 3942 τῶν
2244 3872 2564 3963 μεγίστων
2595 3874 2632 3956 ξ
2647 3901 2742 3960 vn
2760 3919 2792 3929 -

331 3969 887 4065 βαλλώμεθα,
934 3980 1081 4050 Sch.
1130 3981 1204 4048 fr.
1254 3979 1383 4068 10.)
1432 3991 1732 4068 expertes
1779 3983 2010 4050 mentis
2057 3982 2416 4068 universae,
2465 3991 2790 4066 tamquam

330 4084 389 4154 si
452 4085 777 4170 propriam
834 4086 1121 4155 habeant
1180 4095 1454 4156 mentem
1518 4082 1653 4177 (διὸ
1700 4089 1797 4156 δεῖ
1842 4084 2132 4155 ἕπεσθαι
2177 4091 2272 4176 τῷ
2317 4087 2482 4176 ξυνῷ
2528 4080 2757 4178 (λόγῳ)
2775 4110 2790 4126 ·

518 4299 567 4368 1)
603 4316 653 4353 V.
693 4298 911 4356 Schust.
950 4317 1003 4372 p.
1048 4305 1163 4355 138.

515 4387 570 4458 2)
609 4387 733 4445 seh.
772 4387 837 4444 fr.
877 4393 963 4445 38.
