3117 4700
1467 239 1553 303 35

296 443 602 509 scelerum
662 461 765 524 ap.
814 439 1046 505 Jambl.
1104 444 1290 522 myst.
1339 437 1496 518 Aeg.
1545 435 1608 517 1,
1679 436 1788 515 ll,
1851 451 1907 494 v.
1958 425 2103 499 Sch.
2165 446 2224 510 p.
2288 424 2416 489 335
2482 420 2624 487 adn.
2671 422 2732 484 4.

298 549 472 615 Elias
542 548 710 615 Oret.
779 546 863 612 ad
933 548 1126 629 Greg.
1195 546 1353 609 Naz.
1423 563 1509 608 or.
1581 540 1803 605 XXllI
1872 557 1932 620 p.
1995 537 2160 602 836:
2232 532 2407 612 Quos
2477 528 2734 615 quidem

300 657 665 742 (offerentes
712 655 995 738 turpiora
1041 649 1386 735 sacrificia)
1432 649 1708 714 irridens
1753 645 2150 712 Heraclitus:
2199 649 2582 728 purgantur,
2637 641 2731 705 in·

299 762 466 848 quit,
528 782 669 828 cum
716 781 940 827 cruore
985 761 1381 845 polluuntur,
1445 777 1573 822 non
1634 775 1820 822 secus
1867 774 1946 818 ac
1989 752 2046 817 si
2092 751 2237 835 quis
2283 751 2347 814 in
2393 751 2594 815 lutum
2639 747 2732 812 in·

300 890 557 955 gressus
602 871 735 935 luto
782 887 851 935 se
899 866 1168 955 abluat).

474 977 819 1041 Praeterea
867 972 1148 1058 Orphica
1193 980 1257 1039 et
1304 971 1634 1037 Eleusinia
1679 969 1986 1053 mysteria
2039 967 2357 1034 artissime
2404 966 2738 1032 coniuncta

302 1094 481 1150 erant
510 1092 576 1149 et
608 1082 929 1148 Pisistrati
977 1080 1284 1147 beneficio
1330 1078 1606 1144 maxime
1656 1078 2026 1143 colebantur
2072 1084 2138 1141 et
2180 1073 2738 1159 pervulgabantur.

303 1190 489 1269 Quod
534 1198 749 1255 autem
796 1190 1158 1255 Heraclitus
1205 1188 1573 1257 Eleusiniae
1613 1186 1862 1252 Cereris
1909 1184 2105 1250 cultui
2151 1189 2448 1268 praeerat
2479 1180 2739 1265 Ephesi,

302 1297 709 1363 manifestum
763 1304 891 1379 est,
955 1316 1097 1361 eum
1163 1304 1508 1380 praecepta
1569 1301 1633 1359 et
1692 1291 2084 1359 ceremonias
2131 1291 2460 1356 amborum
2504 1295 2741 1373 myste-

302 1405 534 1471 riorum
594 1403 999 1488 perspexisse
1059 1410 1253 1485 atque
1301 1403 1679 1487 cognovisse
1741 1400 1983 1486 (Strab.
2032 1399 2205 1483 XIV,
2263 1403 2314 1480 1,
2364 1400 2405 1464 3
2452 1419 2510 1481 p.
2562 1398 2741 1485 633).

306 1512 525 1595 Neque
594 1511 784 1575 facile
846 1508 1183 1592 Bernaysii
1262 1506 1658 1574 emendatio:
1736 1497 1771 1573 ὁ
1841 1503 2258 1585 Ποντικὸς
2320 1496 2746 1593 (Ηρακλείδης

305 1618 488 1693 (mus.
536 1617 711 1683 rhen.
761 1616 899 1699 VII,
950 1638 1009 1700 p.
1050 1619 1137 1682 98
1184 1615 1332 1680 adn.
1378 1616 1438 1699 1)
1487 1615 1747 1699 probari
1793 1623 2005 1699 potest
2052 1635 2148 1697 eo,
2197 1614 2371 1697 quod
2415 1612 2747 1698 permultis

306 1724 482 1809 locis,
529 1743 691 1806 quos
739 1723 1004 1807 perlegi,
1048 1743 1089 1786 a
1134 1742 1234 1787 me
1268 1741 1592 1805 nunquam
1633 1722 1895 1787 inventa
1926 1730 2024 1786 ost
2070 1722 2294 1788 lectio:
2341 1712 2377 1788 ὃ
2424 1713 2749 1797 Ποντικὸς

300 1819 755 1917 ιΗρονιιλεείὸης,
816 1829 931 1896 sed
978 1830 1248 1913 ubique:
1312 1820 1739 1915 ίΗρακλείόης
1784 1818 1820 1893 ὃ
1865 1823 2215 1909 Ποντικὸς,
2282 1836 2500 1895 contra
2551 1847 2748 1912 saepe

306 1958 567 2003 numero
612 1937 777 2019 legi:
847 1926 883 2001 ὃ
928 1930 1201 2024 φυσικὸς
1251 1925 1705 2021 (Ηράκλειτος,
1766 1925 1804 2000 ὃ
1847 1931 2176 2014 σκοτεινὸς
2215 1925 2639 2022 (Ηράκλειτος
2685 1942 2750 2000 et

301 2034 726 2129 ‘qunzmog
773 2033 808 2109 ὃ
854 2036 1158 2132 φυσικὸς,
1215 2034 1358 2129 (Ηρ.
1419 2032 1454 2107 ὃ
1500 2033 1828 2119 σκοτεινός
1887 2042 1994 2125 (cf.
2046 2042 2194 2109 Sch.
2242 2064 2301 2127 p.
2361 2045 2510 2123 1683
2569 2042 2748 2126 Byw.

306 2150 523 2217 adnot.
592 2172 740 2236 pag.
814 2154 910 2217 10.
982 2154 1086 2217 24.
1159 2152 1260 2217 26.
1332 2152 1436 2216 27.
1516 2160 1583 2216 et
1649 2150 1759 2233 al.)
1869 2149 2166 2233 Accedit,
2246 2149 2420 2232 quod
2494 2169 2576 2214 ex
2651 2148 2750 2214 his

307 2256 556 2324 duobus
586 2255 835 2324 mendis
868 2259 1086 2340 utique
1120 2257 1369 2323 facilius
1403 2266 1597 2341 atque
1622 2256 1905 2323 crebrius
1935 2248 2756 2343 vocabulum‘qu'mzmog

311 2365 373 2430 in
415 2355 841 2452 εΗραηιλεείὸης
886 2366 1208 2431 immutari
1254 2373 1526 2451 poterat,
1581 2362 1647 2428 id
1694 2365 1869 2448 quod
1917 2366 2307 2451 Bernaysius
2355 2368 2493 2450 ipse
2541 2366 2755 2432 multis

311 2473 470 2539 locis
531 2475 747 2539 allatis
808 2474 967 2538 satis
1029 2474 1442 2541 demonstrat.
1537 2474 1608 2540 Si
1666 2472 1812 2555 quis
1859 2472 2165 2558 denique,
2229 2482 2299 2540 ut
2353 2476 2753 2558 Bernaysius,
2847 2445 2870 2474 ς

313 2580 569 2664 obiciat,
620 2582 893 2646 colorem
940 2581 1127 2647 huius
1175 2584 1299 2649 loci
1345 2603 1471 2647 non
1521 2601 1871 2664 congruere
1916 2582 2181 2666 Jonicis,
2232 2582 2415 2666 parvi
2455 2581 2758 2648 momenti

313 2697 431 2770 est,
482 2708 624 2754 cum
656 2688 966 2754 Heracliti
997 2692 1355 2756 sententiae
1389 2709 1598 2773 neque
1631 2690 1844 2756 verbis
1890 2690 2027 2756 eius
2073 2691 2342 2758 vetustis
2390 2687 2756 2757 reddendae

322 2815 526 2878 neque
573 2815 826 2879 semper
870 2793 1163 2862 redditae
1210 2797 1372 2879 sint3
1435 2805 1834 2880 quapropter
1877 2816 2328 2882 nonnunquam
2376 2797 2759 2864 Schusterus

316 2921 429 2968 eas
494 2901 761 2985 antiqua
817 2902 1104 2969 oratione
1162 2903 1502 2972 restituere
1562 2904 1796 2970 studet.
1898 2905 2107 2988 Atque
2171 2905 2560 2990 Bernaysius
2619 2905 2757 2988 ipse

316 3008 680 3076 Aristotelis
741 3010 947 3074 locum
1006 3010 1328 3093 quendam
1375 3012 1806 3078 Heracliteum
1866 3032 2009 3078 esse
2068 3019 2311 3096 censet,
2375 3034 2761 3097 quamquam

319 3136 445 3181 non
491 3124 590 3182 est
636 3101 864 3182 Jonica
909 3115 1186 3185 dialecto
1233 3139 1578 3202 expressus
1625 3126 1806 3194 (mus.
1853 3119 2027 3186 rhen.
2077 3143 2136 3205 p.
2185 3123 2314 3188 265
2361 3129 2426 3187 et
2471 3120 2648 3206 adn.)

498 3221 679 3300 Quae
725 3242 918 3305 quum
967 3222 1060 3288 ita
1103 3225 1264 3308 sint,
1327 3225 1483 3291 mihi
1529 3226 1788 3309 quidem
1836 3227 2062 3294 Cobeti
2116 3230 2483 3295 coniectura
2528 3227 2758 3312 proba-

320 3328 510 3395 bilior
552 3327 808 3395 videtur
852 3349 1025 3412 esse3
1087 3351 1470 3415 quamquam
1532 3353 1658 3397 non
1707 3355 1965 3417 prorsus
2011 3355 2249 3419 negare
2294 3337 2512 3418 velim,
2565 3337 2762 3402 verba

322 3455 363 3500 a
408 3435 754 3502 scholiasta
804 3437 1005 3503 relata
1050 3458 1241 3522 posse
1288 3437 1669 3507 Heraclidae
1715 3461 1877 3526 esse,
1932 3442 2043 3525 qui
2091 3443 2398 3509 Heracliti
2442 3444 2762 3526 quendam

330 3542 411 3607 de
443 3541 744 3626 Orphicis
774 3544 1097 3628 mysteriis
1144 3546 1352 3611 locum
1400 3547 1668 3613 forsitan
1715 3549 2161 3634 explicaverit;
2209 3563 2348 3618 erat
2378 3551 2546 3617 enim
2581 3572 2760 3636 prae-

326 3648 551 3731 cipuus
600 3637 1062 3734 ,JHszeivov
1108 3644 1469 3740 ἔξηγητής.“

506 3754 615 3820 Sic
672 3755 736 3820 in
794 3755 916 3822 hac
972 3778 1225 3842 quoquc
1285 3779 1353 3825 re
1398 3760 1729 3846 Euripidis
1775 3771 1840 3830 et
1886 3763 2196 3830 Heracliti
2243 3764 2548 3849 quiddam
2595 3788 2762 3834 com-

328 3881 515 3927 mune
548 3882 691 3928 esse
724 3860 991 3929 videtur.
1068 3865 1412 3933 Praeterea
1442 3869 1772 3953 utriusque
1803 3879 1920 3954 est,
1969 3872 2400 3956 etymologica
2436 3874 2764 3942 notatione

330 3968 589 4033 nomina
633 3970 912 4056 propria,
962 3971 1251 4057 inprimis
1296 3973 1555 4040 deorum
1605 3975 2025 4062 interpretari.
2102 3978 2249 4044 Jam
2295 3999 2490 4064 supra
2520 3979 2761 4046 dictum

334 4083 452 4158 est,
502 4085 571 4140 ut
615 4075 744 4141 alia
792 4080 1310 4162 praetermittam,
1360 4081 1752 4148 Heraclitum
1799 4103 2029 4150 nomen
2074 4079 2282 4173 Ζηνὸς
2326 4105 2367 4149 a
2412 4087 2607 4152 verbo
2653 4085 2767 4175 ζῆν

333 4178 611 4248 duxisse.
691 4182 976 4250 Similem
1023 4185 1566 4271 interpretationis
1613 4187 1922 4256 rationem
1964 4203 2219 4260 secutus
2249 4189 2588 4276 Euripides
2621 4212 2763 4260 cum

333 4286 481 4353 aliis
527 4288 705 4372 locis,
753 4299 884 4355 tum
930 4290 1031 4358 his
1075 4292 1264 4360 dicit:

474 4389 769 4474 Πενθεὺς
812 4382 878 4462 δ’
930 4390 1113 4478 ὅπως
1154 4393 1241 4487 μὴ
1294 4397 1542 4478 πένθος
1587 4398 1852 4470 εἰσοίσει
1897 4395 2125 4488 δόμοις
2173 4405 2430 4494 (Bacch.
2479 4409 2655 4494 367).
