3117 4700
1454 220 1535 285 19

270 414 613 496 eiusque
658 414 789 480 lex
834 415 1012 481 sola
1054 414 1590 482 immutabilis
1639 422 1804 498 est,
1853 435 2003 481 non
2047 359 2174 481 res
2218 414 2305 501 (v.
2333 413 2479 481 Sch.
2505 435 2565 499 p.
2599 416 2720 482 185

272 530 339 589 et
372 542 432 586 a.
467 521 505 586 l.
538 522 691 587 Zeu.
716 522 766 605 Ι,
802 522 932 588 620
963 521 1127 588 conf.
1159 521 1235 588 fr.
1272 524 1389 588 66:
1439 514 1526 600 ὥς
1556 544 1755 611 φησιν
1779 512 2229 610 ‘Hedum-09·
2276 515 2351 586 τὸ
2396 517 2483 611 μὴ
2534 513 2723 588 δῦνον

272 651 444 693 ποτε
466 629 609 706 πῶς
631 618 711 693 ι’έν
733 652 835 706 τις
859 620 1062 694 λάθοι
1080 628 1127 711 ς)
1152 628 1494 713 Euripides
1510 630 1836 696 Heraclito
1861 628 2232 695 assentitur:
2256 619 2295 715 ἦ
2323 624 2465 717 γὰρ
2488 621 2676 717 φύσι
2690 654 2725 706 ς

271 733 651 822 βέβαιος,
704 723 792 801 οὗ
836 729 937 801 τὰ
978 727 1348 823 χρήματα
1387 736 1644 821 (Electr.
1679 736 1856 821 941).
1934 736 2481 802 Evanescentibus
2511 744 2724 801 autem

273 842 470 909 rebus
515 843 683 908 aliae
729 863 983 927 semper
1027 863 1110 908 ex
1153 842 1233 909 iis
1280 850 1457 908 ortae
1504 842 1875 926 succedunt,
1925 842 1993 907 id
2034 841 2208 926 quod
2252 850 2348 908 est
2396 832 2545 919 ὁδὸς
2589 832 2724 907 ι’ένω

275 940 457 1014 κάτω
503 956 568 1015 et
613 945 1063 1038 παλίντροπος
1108 938 1398 1037 ἁρμονίη.
1488 949 1833 1033 Euripides
1880 950 2075 1016 sentit
2122 949 2203 1015 (le
2250 969 2331 1014 ea
2373 970 2442 1015 re
2490 948 2680 1014 haec:

600 1046 931 1133 Κύκλος
974 1049 1095 1142 γὰρ
1140 1045 1392 1133 αὖτός
1435 1052 1791 1141 καρπίμοις
1836 1080 1907 1121 τε
1950 1058 2066 1144 γῆς
2111 1061 2343 1144 φυτοῖς

598 1164 859 1250 θνητῶν
904 1185 975 1227 τε
1018 1164 1228 1251 γενεᾷ·
1274 1167 1465 1240 τοῖς
1507 1161 1651 1245 μὲν
1697 1154 2042 1241 αἷὶξεται
2087 1160 2305 1249 βίος,

601 1270 761 1334 τῶν
806 1292 893 1334 τε
936 1265 1240 1357 φθίνει
1285 1293 1356 1334 τε
1399 1267 1507 1333 καὶ
1555 1266 1986 1355 θερίζεται
2031 1260 2319 1347 πάλιν,

281 1375 516 1459 quibus
562 1395 703 1441 cum
749 1375 1041 1441 versibus
1088 1375 1523 1460 comparanda
1577 1385 1724 1441 sunt
1771 1376 1931 1442 haec
1977 1375 2287 1442 Heracliti
2331 1374 2724 1458 fragmenta:

280 1472 371 1559 ῶς
415 1475 535 1568 γὰρ
580 1479 661 1547 ἐκ
705 1483 849 1546 τοῦ
893 1469 1147 1546 αὐτοῦ
1192 1482 1461 1570 πηλοῦ
1504 1474 1775 1548 δύναταί
1820 1506 1921 1561 τις
1966 1474 2277 1547 πλάττων
2322 1480 2454 1566 ζῷα
2482 1484 2731 1565 συγχεῖν

283 1587 395 1654 καὶ
444 1579 696 1654 πάλιν
742 1579 1150 1653 πλάττειν
1195 1586 1337 1653 καὶ
1383 1592 1717 1673 συγχεῖν
1761 1587 1873 1654 καὶ
1917 1590 2113 1654 τοῦτο
2150 1584 2220 1653 ἓν
2250 1581 2388 1675 πὰρ
2416 1584 2487 1652 ’ἓν
2517 1590 2733 1651 ποιεῖν

283 1683 743 1775 ἀδιαλείπτως,
790 1687 960 1760 οὕτω
1006 1692 1117 1759 καὶ
1164 1686 1264 1783 φῦ
1282 1716 1414 1772 σις
1459 1693 1531 1759 ἐκ
1576 1696 1694 1781 τῆς
1739 1683 1937 1782 αὐτῆς
1979 1687 2135 1782 ὅλης
2181 1679 2390 1758 πάλαι
2434 1690 2552 1776 μὲν
2580 1686 2734 1769 τοὺς

284 1792 642 1890 προγόνους
671 1791 855 1889 ἡμῶν
885 1789 1156 1884 ἆνέσχεν,
1194 1794 1339 1867 εἶτα
1368 1804 1644 1882 συνεχεῖς
1675 1789 1899 1879 αὐτοῖς
1928 1800 2220 1889 ἐγέννησε
2247 1794 2399 1878 τοὺς
2429 1795 2733 1885 πατέρας,

283 1901 429 1974 εἶτα
473 1897 660 1994 ἡμᾶς,
706 1894 820 1972 εἶτ’
871 1898 1107 1984 ἄλλους
1152 1895 1255 1972 ἐπ’
1307 1898 1530 1985 ἄλλοις
1574 1895 2144 1996 ἀνακυκλήσει
2183 1907 2234 1991 ¹)
2282 1907 2458 1993 (Seh.
2492 1909 2565 1972 fr.
2598 1906 2733 1991 59).

464 2015 730 2080 Praeter
773 2034 854 2080 ea
899 2015 1191 2080 conferas
1238 2015 1361 2081 hoc
1405 2014 1717 2083 Heracliti
1765 2020 2230 2099 fragmentum:

470 2119 602 2186 Καὶ
635 2110 669 2186 ὅ
698 2121 818 2209 τῆς
845 2119 1241 2207 γενέσεως
1288 2115 1676 2204 ποταμὸς
1718 2110 1914 2201 οὗτος
1945 2120 2280 2203 ἐνδελεχῶς
2310 2118 2469 2208 ῥέων
2498 2110 2740 2185 ούποτε

288 2218 595 2315 στήσεται
642 2226 755 2293 καὶ
800 2219 1061 2294 πάλιν
1118 2227 1201 2308 ἐξ
1257 2225 1643 2305 ἐναντίας
1696 2217 1919 2313 αυτῶ
1967 2219 2004 2295 ὃ
2049 2229 2193 2315 τῆς
2238 2229 2568 2316 φθορᾶς
2611 2222 2742 2293 ειτε

280 2321 556 2422 ,Ἀχέρων
598 2327 727 2400 είτε
765 2328 1077 2413 Κωκυτὸς
1121 2326 1511 2420 καλουμενος
1554 2324 1687 2401 υπὸ
1733 2337 1866 2401 τῶν
1911 2336 2224 2423 ποιητῶν.
2271 2324 2307 2422 ἦ
2360 2325 2584 2425 πρώτη
2630 2360 2740 2404 ουν

290 2438 474 2507 αἰτία
516 2431 556 2528 ἦ
605 2438 868 2520 δείξασα
912 2432 1067 2531 ἡμῖν
1110 2438 1186 2508 τὸ
1232 2444 1373 2508 τοῦ
1416 2432 1663 2530 ἡλίου
1708 2443 1912 2531 φῶς,
1963 2434 2002 2530 ἦ
2052 2428 2252 2528 αυτή
2304 2440 2412 2506 καὶ
2457 2437 2571 2509 τὸν
2615 2442 2740 2525 ζο-

276 2542 529 2635 φερὸν
560 2540 659 2636 qd
670 2573 761 2636 ην
791 2539 929 2634 ἄγει
963 2548 1139 2635 (Sch.
1163 2551 1236 2616 fr.
1262 2551 1411 2634 63„
1446 2548 1609 2615 conf.
1636 2550 1834 2616 etiam
1867 2547 1979 2617 lib.
2012 2549 2095 2615 de
2127 2548 2317 2614 diaet.
2343 2551 2392 2634 Ι,
2427 2552 2471 2615 4
2502 2560 2567 2617 et
2599 2553 2644 2632 1,
2675 2555 2735 2619 5.

468 2656 561 2721 Eo
608 2654 673 2719 hi
718 2676 967 2739 quoque
1014 2655 1342 2741 Euripidis
1387 2676 1610 2723 versus
1657 2663 1996 2741 spectant:

384 2755 479 2827 Τὸ
522 2760 640 2844 μὲν
683 2759 961 2850 τέθνηκε
1003 2763 1192 2846 σῶμα
1212 2784 1227 2797 ·
1274 2764 1468 2828 τοῦτο
1514 2750 1580 2829 δ’
1631 2749 1993 2851 ἀναβλέπει
2043 2761 2148 2848 (N.
2195 2763 2268 2828 fr.
2325 2767 2537 2848 1002).

382 2869 588 2933 Mur&
633 2856 699 2934 δ’
752 2861 893 2934 ὅσοι
937 2860 1272 2957 χρῄζουσιν
1317 2865 1619 2935 ἐκτείνειν
1662 2868 1844 2954 βίον·

383 2962 493 3051 οὓς
535 2976 706 3064 χρῆν,
753 2969 1021 3041 ἐπειδὰν
1065 2975 1264 3064 μηδὲν
1307 2964 1608 3065 ὠφελῶσι
1654 2979 1791 3064 γῆν,

380 3074 806 3159 θανόντας
850 3077 1113 3170 ἔρρειν
1161 3070 1600 3149 κᾶκποδῶν
1656 3076 1886 3149 εἶναι
1931 3081 2149 3161 νέοις
2211 3083 2462 3170 (Suppl.
2521 3087 2734 3172 1109).

1445 3279 1592 3360 §4-

471 3400 615 3480 Qua
674 3401 919 3468 ratione
981 3401 1210 3468 ductus
1271 3400 1445 3467 haud
1501 3401 1666 3466 male
1713 3401 2078 3469 Heraclitus
2123 3404 2319 3472 sentit
2362 3403 2445 3471 de
2493 3413 2735 3488 morte3

294 3527 437 3575 eam
502 3509 684 3575 nobis
745 3529 871 3575 non
930 3529 1073 3576 esse
1132 3510 1402 3592 malum,
1464 3508 1681 3593 potius
1742 3507 1905 3574 hanc
1966 3508 2222 3575 vitam
2285 3512 2469 3579 nobis
2514 3532 2740 3580 revera

294 3623 621 3681 mortem
667 3636 830 3700 esse,
878 3636 1054 3682 eam
1098 3625 1310 3682 autem
1356 3616 1657 3698 vitam3
1704 3623 1906 3681 morte
1953 3636 2068 3682 nos
2114 3615 2371 3684 liberari
2417 3619 2739 3686 aerumnis

294 3722 484 3789 huius
542 3721 750 3806 vitae,
816 3743 897 3789 ex
957 3743 1083 3805 qua
1141 3723 1391 3788 animus
1452 3730 1669 3788 noster
1721 3720 2052 3789 discedere
2097 3743 2350 3809 semper
2394 3724 2739 3794 desideret.

480 3937 529 4004 1)
566 3935 839 3990 vocabulo
877 3927 1132 3986 κίικλου
1164 3933 1475 3989 Heraclime
1510 3933 1677 3988 etiam
1715 3933 1801 4000 his
1835 3933 1966 3988 locis
2005 3935 2205 3989 utitur:
2244 3935 2524 3993 censorin.
2550 3938 2616 3993 de
2654 3937 2742 3992 die

294 4029 409 4080 nat.
448 4041 495 4080 c.
538 4029 629 4088 17,
679 4029 711 4079 2
750 4042 801 4096 p.
839 4029 901 4080 31
946 4024 1212 4079 Hultsch:
1268 4024 1371 4078 hoc
1417 4023 1671 4094 (triginta
1717 4025 2002 4092 annorum)
2050 4029 2265 4094 tempus
2311 4041 2518 4092 genem
2566 4028 2748 4081 vocari

294 4114 609 4170 Heraclitus
645 4119 833 4169 auctor
855 4119 955 4180 est,
993 4114 1121 4182 quin
1157 4113 1349 4167 orbis
1383 4113 1580 4167 aetatis
1605 4112 1662 4167 in
1689 4135 1757 4174 eo
1785 4112 1861 4170 sit
1887 4113 2096 4192 spatim
2131 4112 2246 4166 orb
2265 4129 2360 4168 em
2395 4119 2574 4168 autem
2599 4119 2752 4167 vocat

295 4205 521 4266 aetatis,
572 4203 699 4258 dum
738 4209 933 4258 natura
967 4203 1035 4257 ab
1071 4203 1299 4257 sementi
1338 4202 1571 4256 humana
1606 4205 1676 4262 ad
1718 4209 2018 4266 sementim
2055 4204 2361 4260 revertitur.
2433 4195 2616 4256 Ξυνὸν
2656 4194 2759 4270 γὰρ

296 4289 429 4362 dep]
472 4296 561 4344 καὶ
600 4295 766 4362 πέρας
804 4296 895 4345 ἐπὶ
944 4285 1194 4344 κύκλου
1246 4296 1586 4362 περιφερείας
1631 4289 1786 4352 κατὰ
1835 4294 1942 4352 τὸν
1981 4287 2336 4367 Ἠράκλειτον
2372 4287 2568 4358 (Sobel.
2605 4290 2662 4342 'm
2695 4287 2765 4341 ll.

304 4389 385 4448 ιι,
425 4385 566 4452 200).

2389 4448 2465 4516 2*
