3117 4700
1507 145 1595 210 26

332 338 502 405 adde
547 337 856 405 Heracliti
901 338 1126 423 fragm.
1174 339 1355 423 Byw.
1404 341 1522 406 39:
1601 333 1699 405 Τὰ
1744 332 1958 426 ψυχρὰ
2002 335 2297 427 θέρεται,
2353 333 2599 426 θερμίν
2644 330 2784 427 ψύ-

310 468 528 528 ,χεται,
573 435 765 533 ὗγρὸν
812 432 1162 525 αὖαίνεται,
1208 442 1577 534 καρφαλέον
1623 442 1959 527 νοτίζεται.

452 653 458 661 .
510 569 593 665 Si,
641 568 951 655 respicias
997 569 1311 635 Zellerum
1354 571 1416 653 I,
1477 560 1542 653 p'.
1590 571 1749 654 906,
1779 588 1782 593 ·
1811 568 2083 636 forsitan
2142 576 2328 654 putes
2400 568 2779 654 Euripidem

331 677 623 743 versibus
687 696 881 761 supra
941 676 1154 742 allatis
1199 675 1629 759 Anaxagorae
1676 675 2029 742 doctrinam
2073 675 2467 761 reddidisse3
2531 674 2649 742 sed
2706 684 2783 742 ut

333 783 854 868 praetermittam,
881 781 1056 866 quod
1073 783 1515 867 Anaxagorae,
1541 802 1709 866 quae
1733 781 1987 867 physici
2010 781 2430 868 tradiderunt,
2457 783 2776 867 suscepit:

332 909 413 955 ex
474 895 614 955 tota
668 890 807 957 eius
863 888 1311 975 philosophiae
1371 890 1620 955 ratione
1677 897 1976 975 apparet,
2038 910 2248 956 rerum
2293 890 2461 958 inter
2505 910 2576 957 se
2624 910 2776 956 con-

330 996 695 1087 trarietates
709 1047 726 1081 ,
789 1002 860 1061 ut
906 994 1097 1062 calidi
1143 1003 1211 1061 et
1255 994 1507 1080 frigidi,
1571 992 1781 1063 tenuis
1827 1003 1893 1063 et
1937 996 2153 1081 densi,
2217 997 2370 1064 sicci
2418 1003 2482 1063 et
2528 995 2776 1062 humidi

330 1103 502 1169 nullo
561 1110 752 1187 pacto
814 1102 875 1168 ei
934 1102 1099 1169 tanti
1154 1122 1296 1169 esse
1357 1102 1662 1169 momenti
1723 1103 1947 1186 quanti
1990 1104 2034 1169 J
2035 1103 2254 1169 oniciS.
2347 1104 2775 1186 Anaxagoras

333 1209 501 1275 enim
531 1210 819 1293 singulas
851 1229 954 1275 res
985 1209 1210 1275 statuit
1239 1209 1478 1294 primas
1510 1230 1656 1276 esse
1689 1229 1893 1293 neque
1939 1229 2048 1276 eas
2098 1209 2281 1276 duxit
2327 1210 2409 1275 ab
2457 1210 2775 1275 elemento

330 1335 457 1382 uno
506 1315 590 1402 (v.
623 1316 777 1382 Zell.
811 1317 860 1400 I,
910 1315 1087 1402 881).
1164 1315 1541 1384 Heraclides
1573 1316 1769 1401 igitur
1799 1318 2004 1400 Alleg.
2038 1316 2203 1383 hom.
2237 1319 2323 1383 22
2362 1315 2778 1383 vehementer

330 1430 518 1507 errat,
567 1423 624 1488 si
669 1443 749 1489 ex
793 1422 1083 1489 versibus
1131 1422 1222 1488 ibi
1267 1424 1482 1490 allatis
1513 1423 1862 1509 Euripidis,
1912 1424 2023 1506 qui
2061 1424 2524 1507 Anaxagoreus
2569 1422 2773 1495 fuisse

329 1530 548 1614 fertur,
597 1528 935 1614 concludit,
982 1530 1436 1614 Anaxagoram
1467 1537 1703 1597 terram
1747 1538 1941 1614 atque
1974 1550 2209 1614 aquam
2240 1530 2518 1596 omnium
2564 1549 2775 1595 rerum

330 1637 648 1702 elementa
691 1656 834 1703 esse
880 1634 1178 1702 docuisse
1225 1633 1310 1722 (v.
1344 1638 1500 1703 Zell.
1537 1637 1586 1722 I,
1634 1658 1693 1721 p.
1732 1639 1858 1704 877
1892 1636 2091 1721 adn).
2170 1635 2511 1720 Euripides
2556 1636 2775 1701 allatis

328 1742 619 1808 versibus
664 1743 940 1808 maxime
987 1742 1143 1808 mihi
1188 1741 1443 1809 videtur
1486 1764 1798 1829 premere,
1846 1764 1929 1810 ex
1976 1743 2309 1810 contrariis
2352 1742 2564 1809 omnia
2608 1742 2772 1826 fleri,

328 1849 399 1914 id
429 1849 603 1933 quod
632 1848 717 1914 ad
746 1849 1057 1947 Heracliti
1100 1850 1486 1918 sententiam
1530 1858 1824 1934 spectare
1854 1850 1985 1916 iam
2016 1849 2396 1917 Aristoteles
2436 1847 2772 1915 intellexit.

1475 2049 1620 2126 §Z

503 2170 866 2238 Heraclitus
927 2178 1147 2238 contra
1190 2171 1453 2236 Eleatas
1511 2169 1751 2254 primus
1809 2190 2018 2236 rerum
2077 2168 2385 2266 unitatem
2448 2169 2768 2252 simulque
2889 2185 2895 2192 ·

327 2276 796 2344 multitudinem
841 2277 1235 2345 demonstrat
1278 2272 1372 2362 (ἓν
1404 2275 1517 2343 καὶ
1545 2268 1809 2364 πολλά).
1886 2277 2094 2343 Docet
2128 2275 2297 2342 enim
2338 2295 2441 2341 res
2474 2275 2771 2342 diversas

326 2385 392 2450 in
455 2404 648 2451 unum
711 2386 879 2452 coire
939 2393 1131 2470 atque
1190 2387 1382 2453 talem
1447 2405 1590 2453 esse
1652 2406 1869 2454 earum
1914 2385 2379 2468 diversitatem,
2442 2389 2511 2450 ut
2573 2384 2771 2449 etiam

327 2492 536 2558 eidem
567 2493 704 2558 sive
738 2492 858 2559 toti
888 2493 984 2559 rei
1014 2493 1309 2560 diversae
1340 2491 1767 2578 proprietates
1813 2490 1949 2557 sive
1989 2499 2206 2575 partes
2238 2489 2436 2557 insint
2482 2489 2767 2575 (Schust.

325 2619 386 2683 p.
435 2597 623 2686 228);
684 2601 846 2666 tales
908 2607 1120 2666 autem
1179 2598 1585 2666 diversitates
1647 2597 2045 2690 necessarias
2110 2617 2282 2682 esse,
2346 2616 2511 2680 quae
2557 2596 2767 2663 diver-

326 2713 551 2790 gentes
596 2726 812 2773 rursus
859 2714 1120 2789 coeant;
1183 2725 1349 2790 quae
1394 2706 1521 2772 nisi
1567 2712 1814 2789 essent,
1860 2706 2100 2771 nullam
2144 2704 2283 2771 fore
2327 2703 2544 2788 vitam,
2593 2704 2769 2770 nullo

326 2812 516 2880 modo
592 2820 885 2880 constare
962 2834 1153 2899 posse
1225 2813 1531 2880 mundum
1606 2812 1888 2901 (Schust.
1958 2833 2016 2897 p.
2094 2814 2215 2878 197
2285 2809 2484 2898 adn).
2599 2808 2771 2876 Illud

328 2927 539 2986 autem
603 2920 701 2986 his
764 2921 1110 3007 praecipue
1166 2922 1381 2987 verbis
1437 2919 1683 2987 reddit:
1754 2919 1906 2986 oriri
1967 2927 2034 2986 et
2090 2917 2379 3003 interire,
2443 2918 2641 2985 vitam
2703 2925 2770 2984 et

325 3033 593 3092 mortem
637 3027 806 3094 idem
853 3048 995 3095 esse
1040 3028 1177 3095 sive
1222 3029 1288 3093 in
1335 3047 1528 3094 unum
1578 3026 1776 3112 coire,
1837 3024 1907 3091 id
1955 3033 2054 3093 est
2100 3026 2286 3092 unius
2331 3025 2427 3092 rei
2474 3024 2766 3092 diversas

324 3138 539 3217 partes
597 3154 772 3218 esse3
833 3134 995 3202 mori
1051 3134 1143 3201 nil
1199 3134 1378 3200 aliud
1446 3154 1589 3201 esse
1646 3133 1770 3200 nisi
1826 3154 1908 3199 ex
1968 3153 2112 3230 uno·
2157 3138 2331 3199 statu
2377 3131 2652 3202 transire
2695 3130 2768 3196 in
2827 3182 2833 3188 .

266 3237 273 3252 ‘
325 3239 595 3307 'alterum
640 3241 961 3309 diversum
1008 3248 1073 3308 et
1119 3263 1259 3308 cum
1305 3242 1517 3327 priore
1563 3241 1783 3324 utique
1833 3239 2234 3308 coniunctum
2262 3237 2336 3327 1).

508 3366 678 3445 Quid
723 3374 936 3436 autem
979 3366 1369 3451 Euripides?

534 3492 697 3558 AA.
752 3477 1016 3579 Tfflmyx‘
1069 3479 1105 3556 ὃ
1149 3487 1401 3574 μέλλων
1445 3476 1691 3556 κούκέτ’
1742 3476 1883 3555 ἐσθ’
1936 3478 1972 3555 ὃ
2018 3478 2382 3555 κατθανών.

536 3599 679 3663 ΗΡ.
726 3596 1006 3685 Χωρὶς
1050 3589 1137 3663 τό
1183 3584 1238 3661 τ’
1274 3588 1512 3663 ἐἶναι
1555 3588 1833 3661 καὶτὸ
1878 3589 1983 3682 μὴ
2034 3591 2378 3678 νομίζεται.

536 3706 698 3772 ΛΔ.
744 3698 834 3769 Σὺ
878 3704 1032 3793 τῇδε
1073 3699 1325 3792 κρίνεις,
1366 3693 1728 3791 εΗράκλεις,
1774 3697 2012 3790 κείνῃ
2058 3689 2128 3767 6²
2180 3694 2328 3788 ἐγώ
2375 3702 2535 3789 (Alc
2579 3703 2764 3789 527).

325 3813 506 3879 Conf.
552 3810 866 3878 Heracliti
908 3812 1139 3880 verbaz
1185 3806 1362 3893 εἶμέν
1404 3833 1476 3875 τε
1520 3808 1633 3875 καὶ
1680 3796 1796 3875 οὒκ
1841 3806 2015 3892 εἶμέν
2062 3808 2241 3895 (Sch.
2290 3808 2365 3875 fr.
2410 3809 2547 3896 42).

538 3921 670 3984 ΘΕ.
715 3917 857 3984 Καὶ
900 3917 1110 4000 ζῶσαν
1154 3915 1364 3984 εἰπεῖν
1409 3915 1522 3982 καὶ
1567 3916 1900 3984 θανοῦσαν
1944 3911 2086 3982 ἔστι
2129 3937 2237 3981 σοι

535 4028 681 4091 ΧΟ.
726 4023 867 4092 Καὶ
911 4027 1054 4104 πῶς
1097 4015 1176 4090 ἂν
1222 4014 1471 4102 αὖτὸς
1514 4014 1936 4094 κατθάνοι
1980 4045 2066 4088 τε
2111 4020 2246 4088 καὶ
2291 4019 2631 4110 βλέποις

539 4134 672 4198 ΘΕ.
701 4123 883 4220 ’Ήδη
930 4122 1284 4220 προνωπής
1329 4129 1469 4198 ἐστι
1512 4129 1626 4196 καὶ
1669 4133 2174 4218 ψυχορραγεῖ
2219 4128 2381 4218 (Alc.
2436 4127 2610 4215 141).

509 4309 561 4380 1)
596 4308 720 4363 Sch.
757 4309 823 4364 fr.
863 4313 948 4364 25.
988 4313 1073 4365 59.
1112 4313 1196 4365 60.
1234 4311 1319 4363 63.
1351 4325 1408 4384 p.
1446 4311 1567 4363 237.
1640 4301 1785 4376 ΒΝ.
1823 4306 1890 4362 fr.
1929 4311 2014 4362 59.
2054 4310 2140 4362 78.
