3117 4700
342 884 445 956 In
501 891 935 981 quantum
987 885 1435 968 Euripides
1488 885 1899 955 Heracliti
1968 885 2370 956 rationem
2424 886 2801 958 auctori·

1034 1032 1503 1121 tatemque
1556 1027 2106 1122 susceperit.

519 1344 679 1410 Cum
735 1343 1090 1427 antiquitus
1151 1343 1462 1409 obscurus
1522 1342 1634 1409 ille
1699 1342 2118 1427 philosophus
2173 1341 2493 1428 Ephesius
2548 1342 2798 1410 animos

341 1452 688 1534 oculosque
732 1458 798 1517 et
845 1449 1375 1534 philosophorum
1423 1457 1489 1516 et
1535 1448 2008 1535 philologorum
2051 1449 2121 1514 in
2166 1468 2238 1516 se
2284 1449 2619 1534 convertit,
2667 1456 2801 1517 tum

340 1556 705 1624 novissimis
783 1557 970 1623 annis
1047 1557 1131 1623 ab
1206 1556 1563 1640 ingeniosis
1639 1556 1829 1640 viris,
1924 1556 1993 1621 in
2065 1555 2310 1645 ,quibus
2386 1555 2800 1642 Bernaysius,

340 1664 742 1748 Schusterus,
792 1662 1342 1729 Teichmuellerus
1390 1664 1742 1747 excellunt,
1792 1663 1931 1729 eius
1977 1661 2345 1746 fragmenta
2387 1661 2482 1728 ita
2527 1669 2803 1730 tractata

337 1779 529 1854 atque
561 1771 898 1838 enucleata
929 1778 1096 1855 sunt,
1144 1777 1214 1835 ut
1247 1790 1326 1835 ea
1357 1769 1544 1853 quasi
1577 1768 1996 1836 fundamenta
2034 1768 2183 1834 aliis
2214 1776 2410 1852 atque
2457 1769 2799 1837 subtilibus

339 1877 824 1961 quaestionibus
870 1896 1041 1953 esse,
1059 1876 1331 1961 possint.
1408 1876 1557 1942 Jam
1606 1896 1648 1941 a
1692 1874 2018 1942 veteribus
2062 1875 2171 1941 ille
2202 1874 2465 1942 summis
2498 1876 2799 1943 laudibus

338 1983 803 2051 celebrabatur..
833 1990 900 2049 et
943 1982 1236 2049 homines
1285 1982 1522 2049 eruditi
1567 1982 1995 2067 posteriorum
2027 1981 2427 2049 saeculorum
2464 1982 2694 2050 iterum
2724 2004 2802 2050 ac

336 2089 595 2176 saepius
655 2090 833 2156 locos
896 2089 980 2155 ab
1044 2110 1122 2156 eo
1179 2089 1489 2174 repetitos
1535 2089 1828 2155 afferunt.
1918 2088 2250 2172 Diogenes
2294 2107 2450 2154 vero
2495 2090 2791 2157 Laertius

337 2197 481 2283 (lx,
529 2195 602 2283 6)
647 2195 865 2281 refert,
914 2196 1323 2279 disciplinam
1355 2195 1680 2280 quandam
1711 2195 2220 2262 Heracliteorum
2251 2193 2403 2261 inde
2437 2196 2791 2280 protectam

335 2323 499 2389 esse,
546 2303 649 2370 cui
695 2302 954 2387 quidem
998 2302 1367 2370 testimonio
1414 2322 1526 2369 cur
1572 2302 1768 2369 fidem
1812 2320 1941 2368 non
1987 2298 2338 2368 habeamus
2386 2321 2586 2369 causa
2615 2303 2793 2369 nulla

333 2412 587 2495 subest,
650 2410 1032 2495 praesertim
1092 2428 1289 2493 quum
1340 2410 1468 2494 ipsi
1513 2410 1877 2495 sophistae,
1941 2418 2014 2477 ut
2057 2410 2449 2493 Protagoras
2512 2408 2696 2494 (Zell.
2743 2411 2795 2495 1,

334 2516 495 2603 675)
565 2524 633 2586 et
701 2517 891 2583 stoici
925 2517 978 2602 1)
1048 2535 1168 2583 sua
1227 2515 1471 2601 placita
1530 2516 1657 2584 huc
1713 2517 1991 2584 maxime
2060 2514 2286 2582 referri
2355 2514 2794 2600 profiteantur.

334 2623 507 2703 Quid
537 2624 787 2707 mirum,
835 2623 892 2690 si
935 2623 1067 2689 iam
1112 2622 1400 2689 eiusdem
1431 2624 1666 2690 aetatis
1697 2622 1988 2690 homines
2019 2628 2373 2708 praecepta
2404 2629 2471 2688 et
2500 2622 2798 2689 instituta

331 2731 472 2798 eius
517 2730 585 2797 in
632 2751 743 2798 ore
788 2729 1113 2797 habebant
1160 2750 1507 2813 omnesque
1555 2730 1792 2798 Graeci
1839 2730 2074 2796 eruditi
2120 2728 2487 2795 reverentia
2515 2728 2796 2811 quadam

330 2836 587 2904 subtilis
632 2837 755 2903 viri
800 2836 1045 2922 ingenii
1076 2843 1272 2919 atque
1301 2836 1729 2904 admiratione
1764 2836 1935 2920 capti
1971 2837 2150 2902 illum
2182 2835 2267 2901 de
2301 2841 2535 2902 natura
2565 2834 2796 2901 librum

329 2943 652 3030 legebant.
731 2942 937 3022 Quem
969 2944 1193 3010 Crates
1226 2942 1507 3027 quidam,
1543 2950 1614 3009 ut
1643 2950 1868 3009 auctor
1898 2951 1998 3009 est
2031 2943 2358 3026 Diogenes
2388 2943 2463 3007 L.
2498 2942 2641 3029 (1X‚
2683 2939 2795 3028 12)

328 3051 397 3117 in
430 3049 775 3118 Graeciam
824 3049 1055 3117 detulit
1101 3070 1179 3116 eo
1223 3049 1369 3134 ipso
1408 3057 1719 3135 tempore,
1766 3069 1961 3133 quum
1993 3047 2276 3116 studium
2308 3047 2468 3114 artis
2500 3049 2795 3115 scenicae

328 3165 395 3224 et
441 3156 893 3243 philosophiae
924 3155 1194 3223 Periclis
1239 3155 1630 3223 liberalitate
1674 3163 1934 3223 auctum
1978 3156 2070 3222 ibi
2112 3153 2518 3222 efflorescere
2565 3155 2793 3240 coepit.

326 3268 757 3348 Anaxagoras
819 3263 987 3331 enim
1049 3261 1456 3348 disceptandi
1517 3263 1767 3330 ratione
1811 3264 2119 3349 populum
2165 3260 2419 3328 erudire
2467 3261 2794 3345 studebat,

328 3369 507 3454 quod
536 3367 881 3454 Euripides
913 3369 1169 3436 fabulas
1202 3368 1493 3436 docendo
1523 3369 1784 3437 efficere
1815 3370 2035 3435 voluit.
2116 3370 2542 3452 Anaxagoras
2577 3375 2795 3435 autem

326 3475 608 3561 quodam
655 3476 845 3543 modo
891 3476 1264 3543 Jonicorum
1308 3475 1779 3562 philosophiam
1840 3476 2201 3543 naturalem
2259 3473 2550 3541 traduxit
2594 3483 2792 3559 atque

326 3585 644 3650 convertit
703 3581 789 3648 ad
853 3584 1029 3649 illam
1089 3581 1538 3668 philosophiae
1600 3592 1849 3669 partem
1897 3582 2302 3650 dialecticam
2349 3589 2416 3649 et
2462 3584 2789 3666 moralem,

326 3709 497 3773 quae
556 3690 623 3755 in
670 3689 949 3758 Graecia
1007 3690 1155 3776 ipsa
1212 3688 1562 3776 praecipue
1617 3711 1660 3757 a
1706 3689 2005 3774 Socrate,
2075 3689 2379 3774 Platone,
2440 3688 2792 3756 Aristotele

327 3797 585 3863 exculta
628 3805 824 3880 atque
871 3797 1163 3882 perfecta
1204 3806 1321 3866 est.
1400 3796 1748 3863 Maximam
1794 3806 2012 3865 autem
2056 3803 2304 3881 partem
2336 3795 2789 3881 philosophiae

325 3921 515 3988 suae,
568 3903 859 3989 inprimis
907 3906 1274 3991 physicam,
1338 3923 1530 3988 quam
1579 3905 1784 3971 solam
1829 3904 1965 3971 fere
2011 3902 2381 3987 excolebat,
2438 3921 2519 3969 ex
2565 3901 2784 3988 physi-

325 4028 571 4094 corum,
618 4031 780 4095 quos
827 4011 1080 4098 dicunt,
1131 4010 1441 4080 doctrinis
1489 4010 1787 4097 repetiit;
1849 4009 2006 4094 quin
2054 4009 2251 4077 etiam
2298 4027 2465 4092 quae
2511 4007 2593 4075 de
2639 4028 2784 4088 par·

326 4114 543 4187 ticulis
589 4116 756 4185 inter
801 4138 872 4185 se
920 4118 1233 4187 similibus
1260 4117 1314 4206 ²)
1364 4116 1657 4204 tradidit,
1712 4116 2110 4201 aliquantum
2156 4116 2241 4183 ab
2287 4114 2417 4183 illis
2463 4124 2792 4183 mutuatus

512 4297 560 4362 1)
598 4301 661 4352 ut
696 4298 777 4351 ait
811 4296 979 4351 etiam
1015 4295 1128 4351 Cic.
1167 4295 1232 4350 de
1272 4299 1384 4350 nat.
1423 4294 1567 4349 deor.
1606 4294 1709 4358 111,
1752 4299 1835 4360 ll,
1873 4298 1959 4348 35.

507 4385 561 4452 2)
598 4384 662 4439 de
699 4385 801 4440 hac
839 4382 1115 4441 Ciceronis
1152 4384 1394 4439 versione
1432 4383 1582 4437 verbi
1620 4381 1988 4454 ὁμοιομέρειαι
2027 4401 2074 4437 v.
2112 4382 2242 4438 Zell.
2280 4381 2325 4449 1,
2363 4385 2472 4438 880
2509 4381 2632 4438 adn.
2681 4387 2727 4437 l.
