<?xml version="1.0" encoding="UTF-8"?>
<!DOCTYPE html PUBLIC "-//W3C//DTD XHTML 1.0 Transitional//EN"
    "http://www.w3.org/TR/xhtml1/DTD/xhtml1-transitional.dtd">
<html xmlns="http://www.w3.org/1999/xhtml" xml:lang="en" lang="en">
 <head>
  <title>
</title>
<meta http-equiv="Content-Type" content="text/html;charset=utf-8" />
  <meta name='ocr-system' content='tesseract 3.04.00' />
  <meta name='ocr-capabilities' content='ocr_page ocr_carea ocr_par ocr_line ocrx_word'/>
</head>
<body>
  <div class='ocr_page' id='page_1' title='image "./inquantumeuripi00lommgoog_0007.png"; bbox 0 0 3117 4700; ppageno 0'>
   <div class='ocr_carea' id='block_1_1' title="bbox 1209 1059 1912 1175">
    <p class='ocr_par' dir='ltr' id='par_1_1' title="bbox 1209 1059 1912 1175">
     <span class='ocr_line' id='line_1_1' title="bbox 1209 1059 1912 1175; baseline -0.004 0"><span class='ocrx_word' id='word_1_1' title='bbox 1209 1059 1912 1175; x_wconf 80' lang='lat' dir='ltr'>Praefatio.</span> 
     </span>
    </p>
   </div>
   <div class='ocr_carea' id='block_1_2' title="bbox 1393 1314 1716 1325">
    <p class='ocr_par' dir='ltr' id='par_1_2' title="bbox 1393 1314 1716 1325">
     <span class='ocr_line' id='line_1_2' title="bbox 1393 1314 1716 1325; baseline 0 0"><span class='ocrx_word' id='word_1_2' title='bbox 1393 1314 1716 1325; x_wconf 95' lang='lat' dir='ltr'> </span> 
     </span>
    </p>
   </div>
   <div class='ocr_carea' id='block_1_3' title="bbox 316 1474 2801 4306">
    <p class='ocr_par' dir='ltr' id='par_1_3' title="bbox 316 1474 2801 4306">
     <span class='ocr_line' id='line_1_3' title="bbox 509 1474 2790 1574; baseline -0.001 -24"><span class='ocrx_word' id='word_1_3' title='bbox 509 1477 931 1574; x_wconf 80' lang='lat' dir='ltr'><strong>Quamquam</strong></span> <span class='ocrx_word' id='word_1_4' title='bbox 983 1484 1053 1549; x_wconf 90' lang='lat' dir='ltr'>et</span> <span class='ocrx_word' id='word_1_5' title='bbox 1106 1477 1195 1549; x_wconf 89' lang='lat' dir='ltr'>de</span> <span class='ocrx_word' id='word_1_6' title='bbox 1232 1475 1568 1571; x_wconf 82' lang='lat' dir='ltr'>Euripide</span> <span class='ocrx_word' id='word_1_7' title='bbox 1623 1480 1691 1546; x_wconf 91' lang='lat' dir='ltr'>et</span> <span class='ocrx_word' id='word_1_8' title='bbox 1745 1475 1834 1547; x_wconf 89' lang='lat' dir='ltr'>de</span> <span class='ocrx_word' id='word_1_9' title='bbox 1874 1474 2223 1546; x_wconf 77' lang='lat' dir='ltr'>Heraclito</span> <span class='ocrx_word' id='word_1_10' title='bbox 2261 1497 2413 1546; x_wconf 91' lang='lat' dir='ltr'>cum</span> <span class='ocrx_word' id='word_1_11' title='bbox 2448 1476 2790 1571; x_wconf 86' lang='lat' dir='ltr'>prioribus</span> 
     </span>
     <span class='ocr_line' id='line_1_4' title="bbox 316 1598 2791 1700; baseline -0.002 -24"><span class='ocrx_word' id='word_1_12' title='bbox 316 1602 764 1700; x_wconf 83' lang='lat' dir='ltr'>temporibuS,</span> <span class='ocrx_word' id='word_1_13' title='bbox 816 1608 963 1674; x_wconf 90' lang='lat' dir='ltr'>tum</span> <span class='ocrx_word' id='word_1_14' title='bbox 997 1602 1131 1673; x_wconf 90' lang='lat' dir='ltr'>hoc</span> <span class='ocrx_word' id='word_1_15' title='bbox 1167 1601 1442 1672; x_wconf 88' lang='lat' dir='ltr'>saeculo</span> <span class='ocrx_word' id='word_1_16' title='bbox 1497 1606 1595 1670; x_wconf 92' lang='lat' dir='ltr'>tot</span> <span class='ocrx_word' id='word_1_17' title='bbox 1647 1598 1869 1670; x_wconf 81' lang='lat' dir='ltr'>libelli</span> <span class='ocrx_word' id='word_1_18' title='bbox 1924 1600 2517 1694; x_wconf 87' lang='lat' dir='ltr'>commentariique</span> <span class='ocrx_word' id='word_1_19' title='bbox 2554 1625 2597 1672; x_wconf 87' lang='lat' dir='ltr'>a</span> <span class='ocrx_word' id='word_1_20' title='bbox 2633 1602 2791 1672; x_wconf 85' lang='lat' dir='ltr'>viris</span> 
     </span>
     <span class='ocr_line' id='line_1_5' title="bbox 320 1723 2793 1823; baseline -0.002 -21"><span class='ocrx_word' id='word_1_21' title='bbox 320 1729 550 1802; x_wconf 89' lang='lat' dir='ltr'>doctis</span> <span class='ocrx_word' id='word_1_22' title='bbox 605 1728 976 1823; x_wconf 80' lang='lat' dir='ltr'>conscripti</span> <span class='ocrx_word' id='word_1_23' title='bbox 1028 1733 1202 1814; x_wconf 88' lang='lat' dir='ltr'>sunt,</span> <span class='ocrx_word' id='word_1_24' title='bbox 1259 1731 1424 1821; x_wconf 88' lang='lat' dir='ltr'>quot</span> <span class='ocrx_word' id='word_1_25' title='bbox 1476 1724 1665 1796; x_wconf 88' lang='lat' dir='ltr'>haud</span> <span class='ocrx_word' id='word_1_26' title='bbox 1702 1726 1837 1796; x_wconf 91' lang='lat' dir='ltr'>scio</span> <span class='ocrx_word' id='word_1_27' title='bbox 1877 1745 1968 1795; x_wconf 88' lang='lat' dir='ltr'>an</span> <span class='ocrx_word' id='word_1_28' title='bbox 2005 1723 2093 1796; x_wconf 89' lang='lat' dir='ltr'>de</span> <span class='ocrx_word' id='word_1_29' title='bbox 2126 1724 2317 1795; x_wconf 92' lang='lat' dir='ltr'>nullo</span> <span class='ocrx_word' id='word_1_30' title='bbox 2356 1724 2511 1810; x_wconf 89' lang='lat' dir='ltr'>alio,</span> <span class='ocrx_word' id='word_1_31' title='bbox 2567 1732 2793 1797; x_wconf 89' lang='lat' dir='ltr'>tamen</span> 
     </span>
     <span class='ocr_line' id='line_1_6' title="bbox 322 1848 2792 1946; baseline -0.001 -20"><span class='ocrx_word' id='word_1_32' title='bbox 322 1877 417 1926; x_wconf 91' lang='lat' dir='ltr'>ex</span> <span class='ocrx_word' id='word_1_33' title='bbox 453 1851 811 1946; x_wconf 83' lang='lat' dir='ltr'>Euripidis</span> <span class='ocrx_word' id='word_1_34' title='bbox 865 1874 1019 1922; x_wconf 91' lang='lat' dir='ltr'>cum</span> <span class='ocrx_word' id='word_1_35' title='bbox 1074 1848 1428 1922; x_wconf 79' lang='lat' dir='ltr'>Heraclito</span> <span class='ocrx_word' id='word_1_36' title='bbox 1485 1849 1991 1945; x_wconf 89' lang='lat' dir='ltr'>comparatione</span> <span class='ocrx_word' id='word_1_37' title='bbox 2044 1849 2307 1944; x_wconf 90' lang='lat' dir='ltr'>aliquid</span> <span class='ocrx_word' id='word_1_38' title='bbox 2359 1849 2518 1919; x_wconf 91' lang='lat' dir='ltr'>elici</span> <span class='ocrx_word' id='word_1_39' title='bbox 2553 1856 2792 1945; x_wconf 89' lang='lat' dir='ltr'>potest,</span> 
     </span>
     <span class='ocr_line' id='line_1_7' title="bbox 324 1974 2792 2075; baseline -0.001 -27"><span class='ocrx_word' id='word_1_40' title='bbox 324 1977 519 2075; x_wconf 90' lang='lat' dir='ltr'>quod</span> <span class='ocrx_word' id='word_1_41' title='bbox 573 1977 776 2072; x_wconf 90' lang='lat' dir='ltr'>pauci</span> <span class='ocrx_word' id='word_1_42' title='bbox 829 1975 1107 2071; x_wconf 88' lang='lat' dir='ltr'>quidem</span> <span class='ocrx_word' id='word_1_43' title='bbox 1161 1974 1405 2046; x_wconf 88' lang='lat' dir='ltr'>leviter</span> <span class='ocrx_word' id='word_1_44' title='bbox 1459 1975 1843 2069; x_wconf 88' lang='lat' dir='ltr'>attigerunt,</span> <span class='ocrx_word' id='word_1_45' title='bbox 1898 1995 2336 2069; x_wconf 81' lang='lat' dir='ltr'>nequaquam</span> <span class='ocrx_word' id='word_1_46' title='bbox 2391 1979 2617 2046; x_wconf 88' lang='lat' dir='ltr'>autem</span> <span class='ocrx_word' id='word_1_47' title='bbox 2673 1999 2792 2046; x_wconf 84' lang='lat' dir='ltr'>ex-</span> 
     </span>
     <span class='ocr_line' id='line_1_8' title="bbox 322 2098 2794 2199; baseline 0 -26"><span class='ocrx_word' id='word_1_48' title='bbox 322 2102 779 2199; x_wconf 78' lang='lat' dir='ltr'>plicaverunt.</span> <span class='ocrx_word' id='word_1_49' title='bbox 888 2099 1140 2194; x_wconf 89' lang='lat' dir='ltr'>Itaque</span> <span class='ocrx_word' id='word_1_50' title='bbox 1196 2124 1285 2171; x_wconf 89' lang='lat' dir='ltr'>ex</span> <span class='ocrx_word' id='word_1_51' title='bbox 1338 2099 1570 2170; x_wconf 90' lang='lat' dir='ltr'>multis</span> <span class='ocrx_word' id='word_1_52' title='bbox 1623 2099 1757 2170; x_wconf 88' lang='lat' dir='ltr'>illis</span> <span class='ocrx_word' id='word_1_53' title='bbox 1810 2099 2003 2170; x_wconf 90' lang='lat' dir='ltr'>libris</span> <span class='ocrx_word' id='word_1_54' title='bbox 2058 2098 2230 2169; x_wconf 90' lang='lat' dir='ltr'>nihil</span> <span class='ocrx_word' id='word_1_55' title='bbox 2284 2098 2425 2170; x_wconf 88' lang='lat' dir='ltr'>fere</span> <span class='ocrx_word' id='word_1_56' title='bbox 2479 2106 2794 2196; x_wconf 91' lang='lat' dir='ltr'>repetere</span> 
     </span>
     <span class='ocr_line' id='line_1_9' title="bbox 326 2221 2798 2323; baseline 0 -26"><span class='ocrx_word' id='word_1_57' title='bbox 326 2227 551 2323; x_wconf 87' lang='lat' dir='ltr'>potui,</span> <span class='ocrx_word' id='word_1_58' title='bbox 615 2224 804 2320; x_wconf 92' lang='lat' dir='ltr'>quod</span> <span class='ocrx_word' id='word_1_59' title='bbox 857 2247 945 2295; x_wconf 89' lang='lat' dir='ltr'>ex</span> <span class='ocrx_word' id='word_1_60' title='bbox 1001 2248 1078 2295; x_wconf 91' lang='lat' dir='ltr'>re</span> <span class='ocrx_word' id='word_1_61' title='bbox 1132 2230 1333 2309; x_wconf 90' lang='lat' dir='ltr'>esset,</span> <span class='ocrx_word' id='word_1_62' title='bbox 1408 2223 1539 2294; x_wconf 91' lang='lat' dir='ltr'>nisi</span> <span class='ocrx_word' id='word_1_63' title='bbox 1594 2246 1687 2294; x_wconf 84' lang='lat' dir='ltr'>ex</span> <span class='ocrx_word' id='word_1_64' title='bbox 1739 2221 2164 2294; x_wconf 87' lang='lat' dir='ltr'>Valkenaeri</span> <span class='ocrx_word' id='word_1_65' title='bbox 2218 2222 2518 2294; x_wconf 87' lang='lat' dir='ltr'>editione</span> <span class='ocrx_word' id='word_1_66' title='bbox 2572 2224 2798 2296; x_wconf 91' lang='lat' dir='ltr'>Phoe-</span> 
     </span>
     <span class='ocr_line' id='line_1_10' title="bbox 326 2346 2797 2442; baseline -0 -18"><span class='ocrx_word' id='word_1_67' title='bbox 326 2352 667 2424; x_wconf 89' lang='lat' dir='ltr'>nissarum</span> <span class='ocrx_word' id='word_1_68' title='bbox 721 2356 792 2420; x_wconf 91' lang='lat' dir='ltr'>et</span> <span class='ocrx_word' id='word_1_69' title='bbox 828 2348 1173 2422; x_wconf 90' lang='lat' dir='ltr'>Schusteri</span> <span class='ocrx_word' id='word_1_70' title='bbox 1229 2346 1316 2420; x_wconf 88' lang='lat' dir='ltr'>de</span> <span class='ocrx_word' id='word_1_71' title='bbox 1354 2347 1686 2420; x_wconf 82' lang='lat' dir='ltr'>Heracliti</span> <span class='ocrx_word' id='word_1_72' title='bbox 1741 2347 2128 2442; x_wconf 82' lang='lat' dir='ltr'>fragmentis</span> <span class='ocrx_word' id='word_1_73' title='bbox 2183 2346 2415 2420; x_wconf 89' lang='lat' dir='ltr'>libello</span> <span class='ocrx_word' id='word_1_74' title='bbox 2470 2350 2622 2437; x_wconf 90' lang='lat' dir='ltr'>(act.</span> <span class='ocrx_word' id='word_1_75' title='bbox 2665 2374 2797 2423; x_wconf 88' lang='lat' dir='ltr'>soc.</span> 
     </span>
     <span class='ocr_line' id='line_1_11' title="bbox 328 2471 2798 2571; baseline 0.001 -25"><span class='ocrx_word' id='word_1_76' title='bbox 328 2475 503 2571; x_wconf 84' lang='lat' dir='ltr'>phil.</span> <span class='ocrx_word' id='word_1_77' title='bbox 557 2474 739 2571; x_wconf 90' lang='lat' dir='ltr'>Lips.</span> <span class='ocrx_word' id='word_1_78' title='bbox 794 2472 933 2560; x_wconf 78' lang='lat'>111,</span> <span class='ocrx_word' id='word_1_79' title='bbox 989 2471 1173 2568; x_wconf 90' lang='lat' dir='ltr'>Lips.</span> <span class='ocrx_word' id='word_1_80' title='bbox 1236 2473 1501 2564; x_wconf 85' lang='grc'>1873),</span> <span class='ocrx_word' id='word_1_81' title='bbox 1559 2496 1849 2568; x_wconf 90' lang='lat' dir='ltr'>quorum</span> <span class='ocrx_word' id='word_1_82' title='bbox 1902 2480 2190 2567; x_wconf 91' lang='lat' dir='ltr'>uterque</span> <span class='ocrx_word' id='word_1_83' title='bbox 2240 2472 2542 2546; x_wconf 86' lang='lat' dir='ltr'>breviter</span> <span class='ocrx_word' id='word_1_84' title='bbox 2594 2477 2798 2571; x_wconf 87' lang='lat' dir='ltr'>signi-</span> 
     </span>
     <span class='ocr_line' id='line_1_12' title="bbox 328 2596 2794 2695; baseline -0.001 -23"><span class='ocrx_word' id='word_1_85' title='bbox 328 2600 521 2685; x_wconf 86' lang='lat' dir='ltr'>ficat,</span> <span class='ocrx_word' id='word_1_86' title='bbox 606 2598 1004 2693; x_wconf 87' lang='lat' dir='ltr'>Euripidem</span> <span class='ocrx_word' id='word_1_87' title='bbox 1079 2598 1226 2669; x_wconf 87' lang='lat' dir='ltr'>loco</span> <span class='ocrx_word' id='word_1_88' title='bbox 1304 2598 1598 2692; x_wconf 88' lang='lat' dir='ltr'>quodam</span> <span class='ocrx_word' id='word_1_89' title='bbox 1671 2596 1998 2670; x_wconf 85' lang='lat' dir='ltr'>Heracliti</span> <span class='ocrx_word' id='word_1_90' title='bbox 2029 2597 2038 2606; x_wconf 87' lang='lat'>&#39;</span> <span class='ocrx_word' id='word_1_91' title='bbox 2070 2596 2321 2668; x_wconf 91' lang='lat' dir='ltr'>librum</span> <span class='ocrx_word' id='word_1_92' title='bbox 2392 2601 2794 2695; x_wconf 86' lang='lat' dir='ltr'>respexisse.</span> 
     </span>
     <span class='ocr_line' id='line_1_13' title="bbox 330 2721 2798 2818; baseline -0 -22"><span class='ocrx_word' id='word_1_93' title='bbox 330 2723 691 2818; x_wconf 80' lang='lat' dir='ltr'>Euripidis</span> <span class='ocrx_word' id='word_1_94' title='bbox 746 2745 926 2816; x_wconf 90' lang='lat' dir='ltr'>quae</span> <span class='ocrx_word' id='word_1_95' title='bbox 983 2726 1248 2809; x_wconf 84' lang='lat' dir='ltr'>extant,</span> <span class='ocrx_word' id='word_1_96' title='bbox 1304 2721 1573 2808; x_wconf 81' lang='lat' dir='ltr'>fabuliS,</span> <span class='ocrx_word' id='word_1_97' title='bbox 1627 2746 1750 2817; x_wconf 89' lang='lat' dir='ltr'>pro</span> <span class='ocrx_word' id='word_1_98' title='bbox 1807 2721 2244 2793; x_wconf 89' lang='lat' dir='ltr'>fundamento</span> <span class='ocrx_word' id='word_1_99' title='bbox 2300 2724 2500 2817; x_wconf 91' lang='lat' dir='ltr'>posui</span> <span class='ocrx_word' id='word_1_100' title='bbox 2552 2724 2798 2796; x_wconf 89' lang='lat' dir='ltr'>Kirch-</span> 
     </span>
     <span class='ocr_line' id='line_1_14' title="bbox 332 2845 2797 2941; baseline 0 -22"><span class='ocrx_word' id='word_1_101' title='bbox 332 2846 529 2920; x_wconf 80' lang='lat' dir='ltr'>hoffii</span> <span class='ocrx_word' id='word_1_102' title='bbox 582 2847 942 2918; x_wconf 86' lang='lat' dir='ltr'>editionem</span> <span class='ocrx_word' id='word_1_103' title='bbox 992 2845 1244 2926; x_wconf 82' lang='lat' dir='ltr'>(Berol.</span> <span class='ocrx_word' id='word_1_104' title='bbox 1291 2845 1540 2936; x_wconf 82' lang='lat'>1867),</span> <span class='ocrx_word' id='word_1_105' title='bbox 1598 2846 1987 2941; x_wconf 87' lang='lat' dir='ltr'>fragmentis</span> <span class='ocrx_word' id='word_1_106' title='bbox 2024 2851 2252 2918; x_wconf 88' lang='lat' dir='ltr'>autem</span> <span class='ocrx_word' id='word_1_107' title='bbox 2289 2845 2797 2941; x_wconf 88' lang='lat' dir='ltr'>deperditarum</span> 
     </span>
     <span class='ocr_line' id='line_1_15' title="bbox 332 2968 2798 3069; baseline 0.002 -27"><span class='ocrx_word' id='word_1_108' title='bbox 332 2971 724 3043; x_wconf 83' lang='lat' dir='ltr'>fabularum</span> <span class='ocrx_word' id='word_1_109' title='bbox 750 2971 817 3042; x_wconf 93' lang='lat' dir='ltr'>N</span> <span class='ocrx_word' id='word_1_110' title='bbox 820 2971 1041 3043; x_wconf 88' lang='lat' dir='ltr'>auckii</span> <span class='ocrx_word' id='word_1_111' title='bbox 1071 2970 1432 3042; x_wconf 90' lang='lat' dir='ltr'>editionem</span> <span class='ocrx_word' id='word_1_112' title='bbox 1460 2969 1678 3066; x_wconf 88' lang='lat' dir='ltr'>(Lips.</span> <span class='ocrx_word' id='word_1_113' title='bbox 1714 2969 1966 3058; x_wconf 87' lang='grc'>1869).</span> <span class='ocrx_word' id='word_1_114' title='bbox 2030 2968 2405 3042; x_wconf 87' lang='lat' dir='ltr'>Praeterea</span> <span class='ocrx_word' id='word_1_115' title='bbox 2435 2970 2798 3069; x_wconf 75' lang='lat' dir='ltr'>Bernaysii</span> 
     </span>
     <span class='ocr_line' id='line_1_16' title="bbox 336 3091 2798 3193; baseline 0 -25"><span class='ocrx_word' id='word_1_116' title='bbox 336 3093 885 3168; x_wconf 87' lang='lat' dir='ltr'>Heracliteorum</span> <span class='ocrx_word' id='word_1_117' title='bbox 968 3095 1372 3190; x_wconf 76' lang='lat' dir='ltr'>pulticulam</span> <span class='ocrx_word' id='word_1_118' title='bbox 1448 3095 1733 3189; x_wconf 88' lang='lat' dir='ltr'>primam</span> <span class='ocrx_word' id='word_1_119' title='bbox 1818 3091 2132 3185; x_wconf 89' lang='lat' dir='ltr'>(Bonnae</span> <span class='ocrx_word' id='word_1_120' title='bbox 2209 3094 2443 3188; x_wconf 89' lang='grc'>1848)</span> <span class='ocrx_word' id='word_1_121' title='bbox 2520 3099 2798 3193; x_wconf 88' lang='lat' dir='ltr'>eiusque</span> 
     </span>
     <span class='ocr_line' id='line_1_17' title="bbox 337 3217 2800 3314; baseline 0.001 -22"><span class='ocrx_word' id='word_1_122' title='bbox 337 3221 515 3292; x_wconf 88' lang='lat' dir='ltr'>duas</span> <span class='ocrx_word' id='word_1_123' title='bbox 568 3219 1075 3292; x_wconf 88' lang='lat' dir='ltr'>dissertationes</span> <span class='ocrx_word' id='word_1_124' title='bbox 1130 3221 1320 3308; x_wconf 89' lang='lat' dir='ltr'>(mus.</span> <span class='ocrx_word' id='word_1_125' title='bbox 1357 3217 1547 3290; x_wconf 91' lang='lat' dir='ltr'>rhen.</span> <span class='ocrx_word' id='word_1_126' title='bbox 1586 3218 1750 3290; x_wconf 93' lang='lat' dir='ltr'>VII.</span> <span class='ocrx_word' id='word_1_127' title='bbox 1789 3218 1925 3310; x_wconf 84' lang='lat' dir='ltr'>IX)</span> <span class='ocrx_word' id='word_1_128' title='bbox 1982 3225 2051 3289; x_wconf 93' lang='lat' dir='ltr'>et</span> <span class='ocrx_word' id='word_1_129' title='bbox 2105 3219 2194 3291; x_wconf 89' lang='lat' dir='ltr'>de</span> <span class='ocrx_word' id='word_1_130' title='bbox 2240 3218 2545 3314; x_wconf 89' lang='lat' dir='ltr'>epistolis</span> <span class='ocrx_word' id='word_1_131' title='bbox 2582 3221 2800 3294; x_wconf 89' lang='lat' dir='ltr'>Hera-</span> 
     </span>
     <span class='ocr_line' id='line_1_18' title="bbox 339 3341 2800 3439; baseline 0.002 -25"><span class='ocrx_word' id='word_1_132' title='bbox 339 3343 554 3415; x_wconf 87' lang='lat' dir='ltr'>cliteis</span> <span class='ocrx_word' id='word_1_133' title='bbox 608 3343 1135 3439; x_wconf 87' lang='lat' dir='ltr'>disputationem</span> <span class='ocrx_word' id='word_1_134' title='bbox 1191 3341 1442 3435; x_wconf 91' lang='lat' dir='ltr'>(Berol.</span> <span class='ocrx_word' id='word_1_135' title='bbox 1491 3342 1725 3432; x_wconf 87' lang='grc'>1869)</span> <span class='ocrx_word' id='word_1_136' title='bbox 1777 3344 2076 3438; x_wconf 81' lang='lat' dir='ltr'>inspexi3</span> <span class='ocrx_word' id='word_1_137' title='bbox 2131 3344 2251 3416; x_wconf 88' lang='lat' dir='ltr'>etsi</span> <span class='ocrx_word' id='word_1_138' title='bbox 2288 3341 2460 3415; x_wconf 86' lang='lat' dir='ltr'>nihil</span> <span class='ocrx_word' id='word_1_139' title='bbox 2495 3345 2586 3417; x_wconf 89' lang='lat' dir='ltr'>ad</span> <span class='ocrx_word' id='word_1_140' title='bbox 2621 3346 2800 3418; x_wconf 89' lang='lat' dir='ltr'>hanc</span> 
     </span>
     <span class='ocr_line' id='line_1_19' title="bbox 340 3467 2795 3564; baseline 0.002 -24"><span class='ocrx_word' id='word_1_141' title='bbox 340 3469 964 3540; x_wconf 86' lang='lat' dir='ltr'>commentationem</span> <span class='ocrx_word' id='word_1_142' title='bbox 1020 3469 1161 3564; x_wconf 89' lang='lat' dir='ltr'>apti</span> <span class='ocrx_word' id='word_1_143' title='bbox 1212 3469 1285 3540; x_wconf 90' lang='lat' dir='ltr'>in</span> <span class='ocrx_word' id='word_1_144' title='bbox 1339 3467 1434 3538; x_wconf 92' lang='lat' dir='ltr'>eis</span> <span class='ocrx_word' id='word_1_145' title='bbox 1486 3467 1731 3554; x_wconf 85' lang='lat' dir='ltr'>inveni,</span> <span class='ocrx_word' id='word_1_146' title='bbox 1787 3473 2014 3538; x_wconf 87' lang='lat' dir='ltr'>tamen</span> <span class='ocrx_word' id='word_1_147' title='bbox 2066 3490 2207 3539; x_wconf 91' lang='lat' dir='ltr'>non</span> <span class='ocrx_word' id='word_1_148' title='bbox 2259 3468 2450 3563; x_wconf 90' lang='lat' dir='ltr'>potui</span> <span class='ocrx_word' id='word_1_149' title='bbox 2484 3492 2622 3542; x_wconf 92' lang='lat' dir='ltr'>non</span> <span class='ocrx_word' id='word_1_150' title='bbox 2675 3471 2795 3544; x_wconf 88' lang='lat' dir='ltr'>ad-</span> 
     </span>
     <span class='ocr_line' id='line_1_20' title="bbox 339 3590 2800 3687; baseline 0 -23"><span class='ocrx_word' id='word_1_151' title='bbox 339 3592 575 3664; x_wconf 89' lang='lat' dir='ltr'>mirari</span> <span class='ocrx_word' id='word_1_152' title='bbox 644 3615 802 3664; x_wconf 89' lang='lat' dir='ltr'>acre</span> <span class='ocrx_word' id='word_1_153' title='bbox 864 3593 1045 3663; x_wconf 90' lang='lat' dir='ltr'>illius</span> <span class='ocrx_word' id='word_1_154' title='bbox 1099 3592 1225 3663; x_wconf 82' lang='lat' dir='ltr'>viri</span> <span class='ocrx_word' id='word_1_155' title='bbox 1292 3592 1653 3686; x_wconf 86' lang='lat' dir='ltr'>ingenium.</span> <span class='ocrx_word' id='word_1_156' title='bbox 1759 3590 1984 3664; x_wconf 91' lang='lat' dir='ltr'>Etiam</span> <span class='ocrx_word' id='word_1_157' title='bbox 2037 3592 2415 3687; x_wconf 82' lang='lat' dir='ltr'>fragmenta</span> <span class='ocrx_word' id='word_1_158' title='bbox 2467 3594 2800 3667; x_wconf 90' lang='lat' dir='ltr'>Heracliti</span> 
     </span>
     <span class='ocr_line' id='line_1_21' title="bbox 344 3714 2801 3812; baseline 0.001 -24"><span class='ocrx_word' id='word_1_159' title='bbox 344 3741 389 3788; x_wconf 89' lang='lat' dir='ltr'>a</span> <span class='ocrx_word' id='word_1_160' title='bbox 426 3714 788 3811; x_wconf 76' lang='lat' dir='ltr'>Bywatero</span> <span class='ocrx_word' id='word_1_161' title='bbox 845 3717 1349 3811; x_wconf 84' lang='lat' dir='ltr'>diligentissime</span> <span class='ocrx_word' id='word_1_162' title='bbox 1405 3716 1689 3788; x_wconf 90' lang='lat' dir='ltr'>collecta</span> <span class='ocrx_word' id='word_1_163' title='bbox 1731 3718 2025 3812; x_wconf 81' lang='lat' dir='ltr'>respexi.</span> <span class='ocrx_word' id='word_1_164' title='bbox 2116 3716 2253 3790; x_wconf 92' lang='lat' dir='ltr'>Sed</span> <span class='ocrx_word' id='word_1_165' title='bbox 2307 3716 2379 3786; x_wconf 94' lang='lat' dir='ltr'>in</span> <span class='ocrx_word' id='word_1_166' title='bbox 2433 3717 2540 3790; x_wconf 89' lang='lat' dir='ltr'>his</span> <span class='ocrx_word' id='word_1_167' title='bbox 2595 3719 2801 3792; x_wconf 90' lang='lat' dir='ltr'>rebus</span> 
     </span>
     <span class='ocr_line' id='line_1_22' title="bbox 342 3839 2798 3938; baseline 0.002 -27"><span class='ocrx_word' id='word_1_168' title='bbox 342 3839 798 3936; x_wconf 87' lang='lat' dir='ltr'>explanandis</span> <span class='ocrx_word' id='word_1_169' title='bbox 834 3864 934 3928; x_wconf 90' lang='lat' dir='ltr'>ea,</span> <span class='ocrx_word' id='word_1_170' title='bbox 981 3864 1159 3936; x_wconf 92' lang='lat' dir='ltr'>quae</span> <span class='ocrx_word' id='word_1_171' title='bbox 1196 3840 1604 3916; x_wconf 88' lang='lat' dir='ltr'>Schusterus</span> <span class='ocrx_word' id='word_1_172' title='bbox 1642 3841 1730 3913; x_wconf 88' lang='lat' dir='ltr'>de</span> <span class='ocrx_word' id='word_1_173' title='bbox 1770 3839 2116 3913; x_wconf 84' lang='lat' dir='ltr'>Heraclito</span> <span class='ocrx_word' id='word_1_174' title='bbox 2155 3847 2395 3936; x_wconf 86' lang='lat' dir='ltr'>argute</span> <span class='ocrx_word' id='word_1_175' title='bbox 2430 3842 2798 3938; x_wconf 82' lang='lat' dir='ltr'>lepideque</span> 
     </span>
     <span class='ocr_line' id='line_1_23' title="bbox 343 3964 2800 4062; baseline 0 -26"><span class='ocrx_word' id='word_1_176' title='bbox 343 3964 687 4050; x_wconf 86' lang='lat' dir='ltr'>disseruit,</span> <span class='ocrx_word' id='word_1_177' title='bbox 768 3965 1130 4038; x_wconf 86' lang='lat' dir='ltr'>maximam</span> <span class='ocrx_word' id='word_1_178' title='bbox 1200 3969 1467 4062; x_wconf 90' lang='lat' dir='ltr'>partem</span> <span class='ocrx_word' id='word_1_179' title='bbox 1537 3967 1830 4062; x_wconf 86' lang='lat' dir='ltr'>suscepi,</span> <span class='ocrx_word' id='word_1_180' title='bbox 1911 3966 2172 4037; x_wconf 90' lang='lat' dir='ltr'>etiamsi</span> <span class='ocrx_word' id='word_1_181' title='bbox 2241 3965 2588 4039; x_wconf 90' lang='lat' dir='ltr'>interdum</span> <span class='ocrx_word' id='word_1_182' title='bbox 2658 3969 2800 4038; x_wconf 83' lang='lat' dir='ltr'>eius</span> 
     </span>
     <span class='ocr_line' id='line_1_24' title="bbox 344 4086 2801 4186; baseline 0.002 -26"><span class='ocrx_word' id='word_1_183' title='bbox 344 4086 652 4160; x_wconf 86' lang='lat' dir='ltr'>ordinem</span> <span class='ocrx_word' id='word_1_184' title='bbox 707 4095 913 4182; x_wconf 89' lang='lat' dir='ltr'>atque</span> <span class='ocrx_word' id='word_1_185' title='bbox 966 4089 1290 4161; x_wconf 89' lang='lat' dir='ltr'>rationem</span> <span class='ocrx_word' id='word_1_186' title='bbox 1346 4088 1417 4159; x_wconf 94' lang='lat' dir='ltr'>in</span> <span class='ocrx_word' id='word_1_187' title='bbox 1470 4090 1802 4162; x_wconf 84' lang='lat' dir='ltr'>Heracliti</span> <span class='ocrx_word' id='word_1_188' title='bbox 1867 4088 2266 4186; x_wconf 83' lang='lat' dir='ltr'>fragmentis</span> <span class='ocrx_word' id='word_1_189' title='bbox 2320 4092 2801 4186; x_wconf 86' lang='lat' dir='ltr'>componendis</span> 
     </span>
     <span class='ocr_line' id='line_1_25' title="bbox 345 4212 2800 4306; baseline 0.002 -24"><span class='ocrx_word' id='word_1_190' title='bbox 345 4221 415 4283; x_wconf 86' lang='lat' dir='ltr'>et</span> <span class='ocrx_word' id='word_1_191' title='bbox 482 4212 908 4306; x_wconf 85' lang='lat' dir='ltr'>explicandis</span> <span class='ocrx_word' id='word_1_192' title='bbox 980 4236 1121 4285; x_wconf 91' lang='lat' dir='ltr'>non</span> <span class='ocrx_word' id='word_1_193' title='bbox 1190 4237 1335 4286; x_wconf 88' lang='lat' dir='ltr'>sum</span> <span class='ocrx_word' id='word_1_194' title='bbox 1393 4221 1682 4287; x_wconf 88' lang='lat' dir='ltr'>secutus.</span> <span class='ocrx_word' id='word_1_195' title='bbox 1790 4213 1855 4286; x_wconf 91' lang='lat' dir='ltr'>N</span> <span class='ocrx_word' id='word_1_196' title='bbox 1857 4215 2178 4286; x_wconf 84' lang='lat' dir='ltr'>ovissimis</span> <span class='ocrx_word' id='word_1_197' title='bbox 2232 4213 2502 4286; x_wconf 87' lang='lat' dir='ltr'>demum</span> <span class='ocrx_word' id='word_1_198' title='bbox 2557 4215 2800 4288; x_wconf 86' lang='lat' dir='ltr'>diebus</span> 
     </span>
    </p>
   </div>
   <div class='ocr_carea' id='block_1_4' title="bbox 348 4333 2798 4506">
    <p class='ocr_par' dir='ltr' id='par_1_4' title="bbox 348 4333 2798 4506">
     <span class='ocr_line' id='line_1_26' title="bbox 348 4333 2798 4476; baseline 0.002 -69"><span class='ocrx_word' id='word_1_199' title='bbox 348 4333 511 4407; x_wconf 90' lang='lat' dir='ltr'>mihi</span> <span class='ocrx_word' id='word_1_200' title='bbox 566 4335 861 4428; x_wconf 87' lang='lat' dir='ltr'>contigit,</span> <span class='ocrx_word' id='word_1_201' title='bbox 914 4343 990 4408; x_wconf 87' lang='lat' dir='ltr'>ut</span> <span class='ocrx_word' id='word_1_202' title='bbox 1043 4337 1566 4410; x_wconf 82' lang='lat' dir='ltr'>Teichmuelleri</span> <span class='ocrx_word' id='word_1_203' title='bbox 1624 4339 1712 4410; x_wconf 88' lang='lat' dir='ltr'>de</span> <span class='ocrx_word' id='word_1_204' title='bbox 1767 4338 2119 4411; x_wconf 86' lang='lat' dir='ltr'>Heraclito</span> <span class='ocrx_word' id='word_1_205' title='bbox 2175 4340 2798 4476; x_wconf 58' lang='lat' dir='ltr'>commentationem</span> 
     </span>
     <span class='ocr_line' id='line_1_27' title="bbox 2411 4446 2438 4506; baseline 0 0"><span class='ocrx_word' id='word_1_206' title='bbox 2411 4446 2438 4506; x_wconf 88' lang='lat'><em>1</em></span> 
     </span>
    </p>
   </div>
  </div>
 </body>
</html>
