3117 4700
1536 246 1577 311 6

329 450 456 529 est,
523 450 591 509 ut
651 440 825 508 haud
887 442 1203 510 immerito
1262 441 1675 529 physicorum
1722 442 2107 510 novissimus
2155 443 2512 512 existimari
2557 445 2786 530 possit.

329 551 511 629 Quae
561 556 775 616 autem
822 548 905 615 de
951 549 1249 634 ,‚mente“
1297 548 1479 637 (περὶ
1518 547 1668 637 νοῦ)
1713 550 2065 636 proposuit,
2114 551 2275 618 talia
2321 559 2523 638 erant,
2572 560 2650 619 ut
2687 553 2786 619 fa-

329 656 575 723 miliam
622 655 856 723 ducere
902 665 1141 741 posset.
1232 656 1364 724 Sed
1407 658 1626 724 nescio
1674 678 1759 724 an
1805 665 2226 743 perventurus
2272 658 2469 725 fuerit
2512 658 2599 725 ad
2645 680 2789 726 eam

327 762 741 848 sententiam,
801 762 928 831 nisi
973 763 1084 848 qui
1130 770 1324 830 antea
1385 763 1451 829 in
1510 763 1634 831 hoc
1692 785 1929 849 genere
1974 765 2217 832 versati
2261 774 2473 852 erant,
2537 786 2789 834 omnem

329 872 469 938 fere
514 870 708 937 aliam
755 871 1069 938 rationem
1123 889 1343 939 rerum⁴
1399 879 1696 937 naturam
1742 871 2135 958 explanandi
2181 881 2787 960 praeoccupassent,

328 976 417 1059 id⁴
460 975 634 1062 quod
695 977 891 1042 etiam
950 975 1102 1042 inde
1158 986 1461 1063 apparet,
1524 997 1719 1062 quam
1765 998 1894 1045 non
1941 978 2053 1044 illa
2114 979 2410 1064 „mente“
2469 979 2538 1045 in
2583 980 2788 1065 philo-

331 1082 596 1168 sophiae
645 1103 801 1150 suac
846 1082 1110 1150 ratione·
1140 1098 1295 1151 usus
1340 1085 1442 1153 sit.
1518 1085 1699 1152 Mens
1746 1086 1917 1152 enim
1961 1085 2077 1152 illa
2120 1085 2242 1151 fuit
2287 1087 2348 1152 ei
2397 1086 2583 1170 quasi
2630 1085 2791 1154 deus

330 1211 411 1256 ex
457 1180 763 1256 machina*
800 1190 868 1255 in
905 1189 1096 1256 rebus
1129 1190 1555 1258 exterioribus
1588 1191 2019 1257 enucleandis.
2101 1191 2234 1259 Sed
2264 1213 2344 1259 ne
2375 1191 2498 1261 hoc
2531 1186 2793 1278 quidem

338 1303 753 1382 praeceptum
829 1294 969 1363 sinc
1045 1297 1180 1361 ulla
1256 1316 1398 1362 cum
1471 1296 1755 1381 priorum
1833 1296 2356 1382 philosophorum
2433 1298 2791 1385 disciplinis

335 1403 780 1470 coniunctione
845 1402 1199 1487 constituit,
1265 1422 1407 1469 cum
1468 1402 1610 1487 ipse
1656 1403 2021 1471 Heraclitus
2067 1405 2343 1471 senserit
2388 1406 2505 1471 toti
2552 1405 2791 1472 mundo

332 1517 399 1577 et
456 1509 746 1594 partibus
808 1508 946 1576 eius
1008 1507 1292 1575 divinam
1349 1516 1629 1576 mentem
1691 1509 2132 1595 rationemque
2189 1511 2497 1578 insertam
2543 1533 2687 1579 esse
2714 1512 2788 1599 1),

337 1617 515 1684 cuius
577 1637 798 1684 veram
852 1622 1149 1683 naturam
1218 1623 1413 1700 atque
1475 1616 1821 1684 essentiam
1881 1637 2091 1702 neque
2152 1618 2520 1686 Heraclitus
2582 1639 2791 1704 neque

335 1724 761 1808 Anaxagoras
791 1741 1055 1808 prorsus
1091 1723 1381 1808 concepit
1413 1731 1609 1807 atque
1638 1725 1987 1809 perspexit.
2059 1724 2466 1815 Quapropter
2495 1725 2567 1793 id
2596 1746 2793 1793 unum

330 1831 762 1915 Anaxagorae
808 1829 1220 1896 tribuendum
1267 1837 1384 1915 est,
1441 1830 1617 1914 quod
1661 1831 1839 1897 illam
1885 1831 2201 1898 Heracliti
2246 1839 2525 1899 mentem
2572 1831 2793 1901 mundi

333 1958 376 2004 a
421 1937 692 2004 materia
737 1937 1081 2022 separavit.

386 2106 393 2113 ·
497 2152 509 2163 ,
558 2079 656 2144 Ex
703 2077 828 2146 hac
871 2099 1024 2146 vero
1072 2079 1429 2146 sententia:
1477 2074 1546 2146 ἓν
1577 2078 1689 2145 καὶ
1721 2074 1942 2147 πολλὰ
1966 2079 2017 2168 2)
2063 2081 2427 2148 Heraclitus
2475 2094 2792 2149 cum'non

333 2188 539 2253 solum
564 2205 788 2267 ‚rerum
818 2185 1148 2272 unitatem,
1196 2185 1314 2254 sed
1353 2186 1550 2254 etiam
1579 2187 2051 2254 multitudinem
2082 2208 2431 2273 earumque
2462 2187 2793 2255 dividuam

332 2300 629 2360 naturam
690 2292 1057 2378 statuisset,
1119 2302 1343 2360 auctor
1403 2292 1618 2362 extitit
1663 2295 2094 2380 Anaxagorae
2140 2296 2406 2364 rationis
2454 2315 2610 2364 suae
2656 2315 2790 2362 ma-

341 2399 567 2468 teriam
614 2398 990 2486 digerendi3
1054 2400 1208 2484 quin
1255 2400 1450 2467 etiam
1495 2401 1784 2468 nonnulli
1831 2409 2083 2469 veteres
2131 2423 2208 2470 eo
2254 2403 2581 2488 progressi
2627 2409 2794 2489 sunt,

334 2514 406 2573 ut
468 2527 551 2572 ex
597 2506 909 2573 Heracliti
970 2506 1212 2593 placito
1238 2505 1292 2593 ³)
1351 2528 1521 2592 „non
1581 2508 1786 2574 solum
1846 2508 1915 2573 in
1970 2528 2183 2575 rerum
2228 2516 2459 2575 natura
2504 2508 2793 2593 singulas

333 2633 439 2680 res
485 2613 653 2680 inter
698 2633 769 2679 se
817 2611 1108 2681 diversas
1156 2634 1319 2698 esse,
1369 2614 1486 2680 sed
1532 2613 1727 2681 etiam
1773 2614 1982 2682 eidem
2028 2616 2123 2683 rei
2171 2616 2463 2683 diversas
2500 2614 2788 2701 proprie·

334 2728 502 2787 tates
548 2727 614 2787 et
658 2728 878 2805 partes
922 2721 1198 2807 inesse“,
1246 2720 1645 2788 Heraclitum
1690 2722 2023 2788 materiem
2067 2722 2136 2788 in
2181 2730 2429 2790 atomos
2477 2721 2795 2806 quosdam

335 2827 636 2894 diffusam
696 2847 840 2894 esse
898 2826 1195 2898 docuisse
1259 2829 1427 2895 iusto
1487 2828 1779 2913 argutius
1829 2829 2282 2896 concluderent
2303 2827 2378 2916 4).
2471 2829 2793 2896 Ponamus

335 2941 553 3001 autem
612 2933 773 2999 illud
834 2935 1026 3019 longe
1090 2935 1172 3000 ab
1220 2934 1534 3001 Heracliti
1580 2935 1900 3002 sententia
1946 2934 2332 3002 disiunctum
2377 2954 2521 3003 esse
2537 2986 2555 3021 ‚
2619 2943 2793 3004 certe

335 3061 464 3107 non
495 3047 596 3106 est
627 3040 909 3126 dubium,
944 3041 1099 3125 quin
1129 3042 1553 3125 Anaxagoras
1586 3048 1844 3126 praeter
1874 3042 2036 3108 alios
2068 3041 2357 3126 inprimis
2392 3042 2792 3110 Heraclitum

337 3154 405 3214 et
433 3147 886 3232 Empedoclem
918 3156 1176 3215 secutus
1210 3148 1296 3216 sit
1326 3156 1390 3214 et
1423 3147 1506 3214 de
1538 3168 1758 3215 eorum
1790 3147 2044 3232 placitis
2078 3148 2400 3232 quaedam
2443 3148 2795 3215 immutarit

338 3272 545 3337 eaque
591 3253 831 3326 maiore
877 3274 1019 3320 cum
1065 3255 1421 3321 subtilitate
1469 3274 1548 3321 ac
1591 3255 1930 3322 verborum
1975 3254 2370 3340 proprietate
2416 3254 2790 3322 reddiderit.

517 3394 921 3479 Quamquam
966 3396 1421 3480 Anaxagoram
1467 3416 1548 3462 ex
1594 3396 1706 3463 illo
1754 3396 2065 3463 Heracliti
2119 3397 2283 3464 libro
2331 3397 2648 3482 quaedam
2693 3418 2791 3464 re-

337 3500 602 3587 petiisse
651 3502 840 3569 certis
888 3502 1271 3570 testimoniis
1317 3509 1607 3569 veterum
1638 3502 2020 3587 scriptorum
2052 3503 2373 3571 affirmare
2404 3524 2532 3571 non
2566 3525 2791 3591 possu-

338 3628 510 3693 mne,
572 3617 787 3674 tamen
833 3609 1025 3675 facilc
1071 3616 1171 3675 est
1216 3608 1543 3675 intellectu
1602 3629 1683 3676 ex
1739 3608 2152 3696 fragmentis,
2218 3630 2385 3695 quae
2431 3619 2791 3698 supersunt,

340 3735 686 3799 eorumque
754 3722 893 3781 tota
960 3715 1409 3799 philosophiae
1479 3715 1727 3782 ratione
1795 3736 2002 3799 neque
2073 3716 2280 3783 minus
2350 3724 2450 3785 est
2517 3718 2792 3802 probatu

339 3821 759 3908 philosophos
806 3829 871 3888 et
918 3822 1178 3889 eosdem
1210 3823 1640 3907 Anaxagorae
1670 3823 1995 3908 aequales,
2045 3823 2153 3907 qui
2185 3823 2323 3890 eius
2354 3822 2794 3891 familiaritate

341 3929 701 4014 utebantur,
750 3930 1149 4013 praeclarum
1195 3930 1374 3995 illum
1420 3929 1708 3998 libellum
1753 3928 2096 4014 diligenter
2141 3929 2494 4016 perlegisse
2539 3931 2788 4016 magni-

341 4075 497 4084 ——an—-v

525 4140 574 4210 1)
612 4140 683 4196 cf.
723 4140 852 4196 Zell.
890 4140 935 4206 Ι,
975 4144 1077 4197 607
1117 4141 1240 4196 adn.
1282 4146 1331 4196 2.
1369 4146 1426 4196 et
1463 4143 1585 4197 609.

520 4230 575 4300 2)
613 4229 681 4284 cf.
720 4230 866 4284 Plat.
903 4230 1116 4285 Phileb.
1155 4246 1201 4284 c.
1245 4234 1326 4284 14.

523 4318 578 4388 3)
616 4316 690 4372 cf.
728 4317 945 4373 Schust.
984 4336 1037 4389 p.
1077 4322 1183 4374 228
1220 4323 1277 4373 ct
1313 4336 1364 4389 q.
1404 4335 1514 4389 seq.

522 4407 577 4476 4)
615 4424 665 4460 v.
706 4405 921 4461 Schust.
962 4424 1015 4477 p.
1054 4410 1153 4461 261
1198 4407 1322 4461 adn.
1366 4413 1411 4462 1.
1467 4408 1535 4464 cf.
1574 4408 1719 4479 Byw.
1757 4426 1812 4480 p.
1855 4413 1936 4475 19,
1975 4408 2099 4463 adn.
2138 4413 2188 4463 2.
