3117 4700
1477 138 1563 203 28

303 336 367 395 et
415 337 824 397 conservetur
883 330 965 415 (v.
1017 331 1161 398 Sch.
1208 353 1268 417 p.
1322 335 1444 399 197
1494 332 1690 419 adn).
1782 332 2007 417 Neque
2067 334 2252 399 aliter
2310 335 2504 401 sentit
2561 336 2750 402 Euri-

303 436 488 520 pides
536 436 645 522 (N.
693 438 767 503 fr.
816 437 967 522 21):

623 548 787 626 Οὗκ
833 550 911 626 ἂν
957 559 1206 647 γένοιτο
1249 561 1498 650 χωρὶς
1544 558 1807 630 ἐσθλὰ
1854 562 1993 630 καὶ
2039 556 2281 645 κακά,

620 653 758 731 ἄλλ’
812 663 949 734 ἐστι
997 691 1096 746 τις
1141 660 1504 756 σύγκρασις,
1555 657 1703 735 ὥστ’
1755 665 1973 753 ἔχειν
2019 671 2326 752 καλῶς,

266 846 273 853 „
305 792 493 856 quem
528 774 740 839 locum
773 774 1150 842 Plutarchus
1182 776 1368 841 affert
1417 775 1521 850 <de
1572 777 1741 843 Iside
1776 800 1825 845 c.
1871 778 1978 863 45,
2023 799 2083 863 p.
2121 778 2280 865 369)
2328 786 2397 843 ut
2441 800 2520 845 ex
2551 780 2756 844 Hera-

307 879 439 944 cliti
485 879 700 945 libello
747 882 1102 965 repetitum.
1183 883 1280 947 De
1311 883 1624 949 vocabulo
1656 876 2002 971 σύγκρασις
2046 884 2192 951 vide
2225 884 2477 952 Schust.
2507 906 2567 970 p.
2601 887 2757 951 232.

307 984 450 1050 adn.
506 988 557 1051 1.
608 989 767 1053 241:
841 977 926 1065 ὡς
966 979 1388 1076 εΗροίκλειτος
1434 983 1509 1055 τὸ
1557 977 1812 1077 ἇγαθόν
1858 990 1970 1057 καὶ
2014 986 2090 1057 τὸ
2137 984 2336 1057 κακὸν
2381 988 2473 1069 εἰς
2517 977 2760 1058 ταῦτὸν

302 1089 503 1177 λέγων
548 1091 829 1159 συνιέναι
874 1090 1057 1184 δίκην
1102 1087 1290 1174 τόξου
1336 1094 1445 1161 καὶ
1496 1088 1788 1184 λύρας..
1838 1093 1956 1185 τὴν
2002 1097 2069 1164 ἐν
2110 1098 2192 1187 τῇ
2237 1095 2472 1184 γενέσει
2518 1096 2759 1185 ἐναρ-

303 1190 587 1281 μόνιον
640 1198 871 1282 μῖξιν
930 1203 1086 1267 τῶν
1148 1199 1581 1268 ἐναντίων·
1651 1193 1924 1292 αρμονίη
1984 1199 2103 1292 γὰρ
2144 1192 2417 1297 ἀφανὴς
2478 1205 2759 1294 φανερῆς

304 1302 609 1392 κρείττων
656 1294 808 1372 καθ’
857 1297 1299 1395 (Ηράκλειτον,
1347 1308 1412 1375 ἐν
1458 1297 1499 1399 ᾗ
1544 1305 1663 1389 τὰς
1710 1306 2029 1399 ὄιαφορας
2074 1310 2188 1378 καὶ
2227 1306 2346 1389 τὰς
2378 1302 2758 1399 ετερὸτητας

306 1403 340 1476 ὃ
384 1403 691 1498 μιγνύω
712 1440 744 1479 ν
789 1410 945 1493 θεὸς
991 1411 1233 1503 ε’κρυψε
1276 1441 1387 1481 και
1420 1410 1808 1483 κατέδυσε.’

482 1537 858 1605 Plutarchus
924 1539 1035 1625 (de
1096 1541 1331 1623 garrul
1393 1561 1442 1606 c.
1498 1542 1609 1627 17)
1673 1541 1899 1627 tradit,
1961 1542 2353 1609 Heraclitum
2417 1540 2741 1624 quondam

306 1644 388 1709 ab
422 1643 720 1729 Ephesiis
753 1652 1017 1728 oratum,
1066 1654 1135 1712 ut
1170 1645 1249 1712 de
1285 1647 1625 1714 concordia
1657 1648 1917 1734 diceret,
1963 1649 2225 1716 calicem
2257 1668 2465 1732 aquae
2494 1648 2758 1733 plenum

305 1750 515 1816 farina
562 1754 994 1838 conspersisse
1041 1760 1233 1837 atque
1279 1755 1601 1839 permistis
1650 1776 1820 1839 aqua
1866 1764 1931 1822 et
1975 1756 2186 1822 farina
2217 1754 2577 1838 ebibuisse3
2628 1774 2757 1837 quo

205 1913 209 1917 .
305 1858 476 1924 facto
540 1859 806 1926 tacitum
869 1860 1124 1928 abiisse.
1216 1862 1434 1928 Voluit
1505 1870 1720 1928 autem
1789 1862 2181 1948 significare,
2253 1861 2543 1928 diversos
2611 1881 2759 1927 esse

307 1964 562 2031 ordines
612 1966 889 2033 civitatis
937 1988 1174 2051 eosque
1221 1968 1388 2035 inter
1432 1990 1503 2036 se
1551 1969 1936 2036 contendere
1993 1989 2257 2036 necesse
2304 1989 2477 2053 esse,
2541 1976 2613 2034 ut
2660 1969 2749 2035 ci-

306 2072 474 2139 vitas
520 2074 788 2158 vigeret.

483 2181 578 2246 Eo
640 2187 934 2265 spectant
992 2180 1318 2266 Euripidis
1381 2203 1603 2248 versus
1666 2190 1730 2249 et
1785 2183 1914 2248 iam
1969 2202 2166 2267 supra
2226 2182 2409 2248 allati
2471 2181 2573 2266 (fr.
2622 2183 2756 2248 423

306 2277 635 2370 σύμμικτα
668 2338 683 2354 .
719 2338 733 2352 .
770 2337 784 2353 .
833 2289 908 2355 fr.
955 2291 1035 2355 21
1091 2276 1205 2354 οὗκ
1251 2279 1329 2355 ἂν
1375 2285 1624 2375 γένοιτο
1658 2340 1673 2354 .
1709 2339 1724 2354 .
1761 2288 1808 2378 .)
1856 2295 1923 2355 et
1968 2289 2035 2355 hi
2082 2288 2186 2373 (N.
2234 2289 2307 2355 fr.
2362 2290 2539 2380 207),

1273 2414 1403 2478 τῶν
1448 2414 1714 2480 πολλῶν
1764 2415 2011 2501 βροτῶν

625 2519 722 2584 δεῖ
766 2514 917 2597 τοὺς
962 2517 1079 2602 μὲν
1125 2512 1290 2586 εἶναι
1336 2520 1682 2603 δυστυχεῖς,
1730 2514 1879 2598 τοὺς
1927 2507 1991 2585 δ’
2043 2507 2318 2601 εὐτυχεῖς
2351 2518 2421 2605 1).

1459 2719 1607 2798 ss,

484 2841 610 2906 Res
674 2840 964 2907 diversas
1022 2842 1127 2907 vel
1185 2841 1504 2907 conti-aias
1564 2841 1728 2906 inter
1785 2862 1855 2906 se
1932 2840 1997 2905 in
2059 2839 2231 2905 iusta
2295 2840 2544 2906 ratione
2612 2860 2758 2906 esse

311 2966 576 3014 necesse
624 2954 752 3031 est,
816 2948 1032 3032 ignem
1080 2954 1144 3013 et
1189 2968 1453 3032 aquam,
1516 2948 1757 3013 siccum
1819 2946 1903 3013 ed
1947 2946 2304 3031 humidum,
2369 2945 2646 3012 calidum
2693 2953 2759 3011 et

311 3053 634 3139 frigidum,
683 3075 891 3138 neque
939 3074 1214 3138 unquam
1262 3055 1531 3120 alterum
1578 3054 1660 3119 ab
1710 3055 1916 3120 altero
1949 3073 2208 3138 prorsus
2240 3053 2561 3137 superari3
2609 3074 2758 3118 nam

310 3159 683 3228 diversitate
752 3169 995 3227 remota
1066 3162 1263 3227 vitam
1333 3181 1582 3228 omnem
1655 3161 2001 3227 extinctum
2069 3159 2182 3243 iri3
2248 3159 2486 3226 idcirco
2552 3179 2756 3243 omne,

310 3266 481 3348 quod
527 3268 784 3335 modum
832 3268 1134 3351 excedat,
1196 3268 1495 3335 vitiosum
1541 3275 1607 3333 et
1654 3268 2079 3352 perniciosum
2126 3287 2268 3333 csse
2295 3266 2363 3351 ²).
2458 3257 2646 3351 (Ὅσα
2691 3263 2758 3332 ἐν

307 3364 480 3457 ἡμῖν,
528 3367 799 3441 ἑκάστου
846 3368 920 3440 τὸ
967 3366 1202 3462 κράτος
1248 3366 1496 3462 νόσημα
1517 3396 1532 3409 ·
1580 3364 1903 3462 ὑπερβολή
1940 3373 2190 3461 θερμοῦ
2223 3363 2516 3459 πυρετός,
2561 3360 2760 3457 ὓπερ-

310 3475 469 3568 βολή
535 3484 784 3570 ψυχροῦ
845 3474 1208 3568 παράλυσις
1224 3519 1247 3560 ,-
1301 3472 1627 3569 ὑπερβολὴ
1682 3473 2049 3563 πνεύματος
2102 3483 2363 3566 πνῖγος,
2429 3468 2753 3564 ὖπερβολὴ

309 3577 502 3674 ὖγροῢ
545 3576 583 3675 ἦ
633 3588 741 3654 νῦν
787 3582 902 3675 ἐμὴ
954 3578 1113 3674 ὑγρὰ
1159 3580 1375 3669 νόσος,
1439 3589 1622 3672 epist.
1669 3589 1815 3654 Her.
1863 3588 1938 3672 V,
1986 3588 2035 3652 Ι.
2120 3583 2200 3652 Εἰ
2246 3580 2322 3650 τὸ
2371 3580 2585 3673 ἕτερον
2630 3585 2761 3649 τῶν

493 3766 543 3834 1)
583 3766 728 3832 Quae
766 3770 881 3820 toto
913 3768 945 3835 ξ
983 3770 1032 3820 7.
1080 3764 1226 3819 dicta
1274 3768 1427 3830 sunt,
1480 3765 1633 3818 nulla
1680 3765 1889 3819 ratione
1939 3762 2132 3817 referri
2177 3765 2403 3832 possunt
2445 3762 2513 3816 ad
2547 3760 2759 3815 Anaxa-

309 3872 471 3924 gorae
507 3856 927 3926 philosophiam,
963 3855 1058 3923 qui
1093 3854 1336 3922 singulas
1372 3871 1457 3908 res
1494 3870 1558 3907 ex
1595 3853 1759 3907 variis
1795 3853 2060 3918 materiis,
2100 3868 2208 3905 non
2243 3851 2468 3906 diversis
2504 3851 2591 3904 vel
2628 3866 2753 3904 con-

310 3946 494 4000 trariis
531 3949 772 3999 constare
810 3944 1024 4007 doceat;
1064 3961 1113 3996 V.
1154 3943 1281 3997 Zell.
1319 3943 1362 4009 Ι,
1401 3961 1453 4013 p.
1494 3946 1614 4008 882,
1655 3947 1774 3997 911.

485 4035 538 4103 2)
576 4034 640 4088 de
678 4035 885 4087 verbis:
935 4032 1175 4086 diversus
1222 4036 1279 4087 et
1324 4033 1610 4087 diversitas
1660 4048 1795 4101 quae
1843 4033 1909 4100 ἓξ
1960 4035 2120 4086 ’7-8
2167 4030 2352 4083 crebro
2387 4028 2757 4093 inveniuntur,

312 4140 361 4174 v.
403 4122 684 4177 Schusteri
728 4123 1115 4193 expositionem
1161 4140 1215 4192 p.
1256 4126 1353 4176 241
1408 4125 1464 4176 et
1499 4121 1622 4175 adn.
1667 4125 1690 4173 1
1740 4121 1949 4190 (contra
1986 4120 2274 4183 Zellerum,
2328 4118 2422 4186 qui
2469 4133 2690 4187 sempe
2706 4134 2760 4170 r:

311 4213 613 4265 contrarius
649 4213 707 4265 ct
742 4211 1096 4267 contrarietas
1131 4214 1339 4265 vertere
1377 4211 1523 4274 vult3
1582 4208 1653 4263 cf.
1692 4226 1881 4280 supra:
1938 4212 2215 4261 ἐναντίων
2263 4237 2334 4248 --
2381 4200 2641 4278 διαροφάς
2692 4238 2760 4246 ——

313 4292 639 4370 ἑτερότητας.
