3117 4700
1513 194 1598 258 10

1522 392 1579 464 Ι.

911 514 1221 608 Λόγος
1289 521 1737 612 περὶτοῦ
1804 514 2184 601 παντός.

508 665 593 731 Ut
625 663 747 729 hac
778 674 961 750 parte
994 665 1355 749 fragmenta
1385 665 1700 767 Heracliti
1738 666 2014 752 plurima
2045 665 2467 751 continentur,
2516 665 2781 731 minima

326 777 539 836 autem
585 770 980 856 theologica,
1043 771 1136 838 ita
1182 793 1252 838 se
1298 770 1539 839 habent
1586 772 1914 858 Euripidis
1973 773 2232 839 fabulae
2281 793 2421 839 cum
2467 771 2780 838 Heracliti

325 877 482 944 locis
534 884 961 964 comparatae.

1479 1006 1625 1083 §L

504 1127 865 1194 Heraclitus
897 1127 964 1193 in
995 1126 1260 1194 exordio
1291 1128 1458 1213 libri,
1507 1149 1694 1213 „cum
1742 1138 1971 1195 natura
2016 1148 2086 1195 se
2119 1127 2359 1194 abdere
2395 1127 2694 1194 studeat“
2732 1130 2777 1206 ¹)

323 1234 426 1299 vel
462 1244 527 1299 ut
559 1233 653 1299 ait
685 1232 1060 1318 Euripides:
1107 1228 1191 1299 τὰ
1222 1227 1443 1300 πὰντα
1472 1229 1592 1322 γὰρ
1623 1238 1754 1301 τῶν
1786 1237 1956 1301 θεῶν
2001 1232 2068 1300 εἶ
2087 1260 2120 1312 ς
2166 1222 2478 1322 ἀφανὲς
2511 1231 2781 1319 ἕρπεται

326 1339 490 1425 (Iph.
541 1341 614 1406 T.
661 1339 854 1426 476),
920 1341 1356 1424 quaestionem
1419 1342 1831 1427 proposuisse
1896 1340 2181 1425 videtur,
2247 1361 2372 1424 quo
2436 1339 2625 1406 modo
2692 1338 2780 1403 ad

324 1466 534 1512 rerum
581 1455 874 1514 naturam
921 1446 1430 1532 cognoscendam
1475 1449 1813 1533 pervenire
1860 1448 2195 1533 possimuS,
2245 1454 2442 1530 atque
2490 1445 2647 1511 dicit
2698 1467 2780 1511 ex

325 1553 439 1635 eis,
489 1573 654 1636 quae
700 1561 850 1621 ante
898 1555 1116 1621 oculos
1163 1556 1375 1638 posita
1408 1554 1552 1639 sint,
1603 1553 2047 1622 concludenda
2077 1574 2222 1621 esse
2255 1573 2353 1637 ea,
2402 1572 2568 1636 quae
2603 1551 2778 1619 cerni

323 1679 449 1726 non
495 1659 776 1744 possint,
835 1658 906 1725 id
952 1659 1125 1744 quod
1172 1660 1430 1745 plurimi
1476 1681 1604 1727 non
1648 1660 2041 1746 intellegant.
2132 1661 2229 1727 Eo
2276 1666 2570 1745 spectant
2618 1659 2783 1726 haec

324 1765 638 1833 Heracliti
683 1766 1076 1852 fragmenta.
1150 1760 1321 1833 ὅσων
1364 1757 1545 1854 όψις,
1593 1755 1778 1855 ἆκοή,
1824 1758 2145 1855 μάθησις,
2192 1766 2399 1831 ταῦτα
2444 1759 2568 1852 ἐγώ
2614 1787 2783 1886 προ-

323 1870 524 1956 τιμέω
573 1872 752 1959 (Sch.
800 1874 874 1942 fr.
926 1873 1018 1961 8).
1105 1859 1485 1963 Ὀφθαλμοὶ
1547 1868 1668 1961 γὰρ
1727 1875 1856 1939 τῶν
1904 1863 2086 1939 ι’ότων
2134 1858 2572 1960 ἀκριβέστεροι
2617 1862 2782 1958 μάρ-

322 2002 503 2066 τυρες
550 1978 723 2066 (Seh.
770 1982 844 2045 fr
894 1979 985 2065 9).
1079 1975 1162 2046 Οἱ
1209 1978 1280 2046 δὲ
1325 1970 1674 2066 ἅνθρωποι
1736 1979 1808 2048 ἐκ
1867 1981 1996 2046 τῶν
2054 1978 2349 2068 φανερῶν
2393 1972 2479 2044 τὰ
2525 1965 2783 2066 ἀφανέα

321 2082 733 2152 σκέπτεσθαι
796 2072 912 2152 οὖκ
972 2082 1363 2152 ἐπίστανται
1425 2086 1606 2173 (Seli.
1669 2088 1745 2153 fr.
1811 2085 1948 2172 96).
2046 2088 2238 2151 Τοῖσι
2297 2088 2634 2174 φανεροῖσι
2695 2077 2784 2149 τὰ

320 2187 574 2280 ἀφανέα
605 2183 939 2278 γινώσκειν
970 2189 1080 2257 καὶ
1109 2196 1249 2270 τοῖς
1281 2191 1457 2260 ἐοῦσι
1488 2186 1573 2259 τὰ
1601 2189 1939 2276 μέλλοντα.
1993 2191 2103 2279 Τῷ
2135 2192 2394 2280 φανερῷ
2429 2185 2506 2256 τὸ
2539 2181 2784 2278 ἶὶὁηλον

323 2289 673 2386 γινώσκεις,
718 2299 813 2387 τῷ
858 2289 1027 2365 ἐόντι
1073 2293 1148 2366 τὸ
1193 2295 1431 2383 μέλλον
1477 2290 1808 2387 γινώσκεις
1856 2298 2032 2386 (Soh.
2080 2298 2154 2366 fr.
2204 2295 2341 2385 99).
2433 2299 2598 2364 Item
2646 2298 2779 2363 Eu—

321 2406 565 2492 ripides
600 2406 815 2491 sentit,
847 2426 951 2472 res
985 2407 1269 2474 occultas
1300 2426 1442 2474 esse
1476 2401 1950 2474 concludendas
1977 2427 2057 2472 ex
2083 2407 2272 2472 rebus
2296 2403 2691 2471 manifestis:
2730 2404 2782 2490 ²)

374 2505 916 2601 Τεκμαιρόμεσθα
962 2516 1153 2591 τοῖς
1198 2515 1561 2602 παροῦσι
1606 2500 1934 2602 τάφανῆ
1981 2513 2088 2600 (N.
2135 2513 2211 2578 fr.
2260 2508 2420 2597 578)

513 2682 527 2692 .
1521 2628 1588 2687 et

372 2713 721 2815 Τᾶφανῆ
766 2723 1357 2815 τεκμηρίοισιν
1403 2717 1745 2803 εἰκότως
1792 2716 2238 2791 ἁλίσκεται
2287 2724 2388 2800 (N.
2423 2723 2498 2788 fr.
2549 2723 2733 2806 808).

320 2834 535 2900 Etiam
581 2853 805 2901 versus
853 2853 1049 2918 supra
1091 2834 1221 2900 iam
1267 2834 1449 2900 allati
1495 2833 1622 2899 hue
1665 2832 1987 2899 referendi
2034 2838 2181 2896 sunt
2230 2830 2319 2917 (N
2325 2884 2354 2911 .,
2385 2830 2461 2894 fr.
2512 2828 2712 2916 905):

774 2933 900 3019 “09
946 2932 1146 3008 τάδε
1190 2932 1553 3007 λεύσσων
1600 2932 1800 3005 θεὸν
1846 2924 2032 3019 ουχὶ
2079 2939 2282 3016 νοεῖ,

786 3039 1278 3135 μετεωρολογων
1323 3033 1378 3113 δ’
1430 3039 1583 3123 εκὰς
1629 3039 1891 3132 ε’ρριψεν

790 3148 1056 3231 σκολιὰς
1103 3140 1384 3233 ἆπάτας,
1432 3138 1520 3218 ὧν
1567 3138 1773 3239 ἇτηρὰ

789 3247 1021 3347 γλῶσσ
1075 3257 1396 3346 εἶκοβολεῖ
1441 3256 1593 3346 περὶ
1637 3259 1766 3323 τῶν
1812 3244 2079 3345 ἀφανῶν

662 3443 675 3456 ⁸
791 3354 976 3434 ουὸὲν
1021 3358 1274 3454 γνώμης
1317 3362 1689 3450 μετέχουσα.

320 3475 741 3553 Heraclitum,
763 3483 979 3542 autem
1025 3474 1107 3540 ab
1162 3473 1275 3558 iis,
1325 3492 1491 3558 quae
1538 3470 1833 3539 sensibus
1878 3468 2348 3555 percipiuntur,
2411 3465 2776 3552 profectum

318 3602 463 3649 esse
509 3589 702 3666 atque
749 3580 1072 3667 proficisci
1119 3579 1420 3647 debuisse
1479 3600 1559 3645 cx
1595 3585 1757 3644 tota
1814 3575 2262 3663 philosophiae
2317 3593 2474 3640 snae
2520 3572 2775 3639 ratione

325 3695 496 3755 certe
544 3688 836 3755 omnibus
883 3694 1173 3774 apertum
1221 3694 1287 3752 et
1329 3685 1736 3751 manifestum
1786 3690 1898 3750 est.
1990 3682 2076 3747 At
2121 3683 2176 3748 si
2224 3679 2604 3764 quaerimus,
2659 3678 2773 3744 tri-

319 3794 609 3862 bueritne
630 3795 992 3862 Heraclitus
1015 3793 1311 3862 sensibus
1335 3800 1400 3860 et
1424 3792 1616 3859 rebus
1640 3812 1755 3875 per
1779 3811 1849 3857 se
1873 3789 2033 3875 ipsis
2058 3809 2307 3854 omnem
2332 3805 2775 3869 summamque

318 3900 512 3969 fidem
543 3911 737 3985 atque
786 3901 1234 3968 auctoritatem
1264 3907 1459 3984 atque
1495 3899 1590 3965 sic
1621 3896 2044 3981 sensualismi,
2082 3904 2150 3961 ut
2182 3894 2277 3959 ita
2307 3892 2536 3978 dicam,
2585 3893 2773 3974 quasi

321 4007 452 4074 dux
498 4008 816 4076 extiterit:
888 4007 1190 4075 docemur
1237 4008 1406 4092 loco,
1464 4006 1575 4088 qui
1623 4011 1800 4069 extat
1847 4000 2022 4088 apud
2070 4002 2334 4067 Sextum
2381 3998 2772 4082 Empiricum

501 4187 550 4256 l)
589 4185 715 4240 sch.
754 4183 819 4239 fr.
861 4188 959 4240 74:
1009 4183 1042 4249 ἡ
1079 4176 1237 4253 φύσις
1274 4175 1622 4252 κρύπτεσθαι
1660 4176 1830 4249 φιλεῖ,·
1869 4178 1937 4233 cf.
1979 4178 2102 4233 Sch.
2139 4177 2206 4232 fr.
2246 4181 2335 4232 8³:
2376 4175 2494 4226 ἔστι
2531 4168 2636 4246 γὰρ
2673 4173 2772 4245 ἀρ-

318 4279 484 4341 μονίη
519 4267 735 4345 ἀφανὴς
769 4271 1011 4344 φανερᾶς
1047 4277 1326 4339 κρείττων.

495 4363 551 4433 2)
586 4362 708 4418 Hac
731 4363 797 4418 dc
822 4379 879 4417 re
905 4362 1252 4431 Anaxagoras
1276 4360 1358 4415 nil
1376 4361 1563 4430 aperte
1593 4356 1791 4412 dixisse
1816 4353 2047 4422 videtur,
2085 4371 2135 4409 v.
2163 4354 2294 4409 Zell.
2319 4353 2364 4419 1,
2384 4370 2438 4423 p.
2466 4354 2768 4409 909-910.

3043 2975 3095 3118 m12„
3093 2849 3094 2864 ι

3042 3921 3091 4597 ,Lm
3043 3249 3093 3911 Aha—,mur
