<?xml version="1.0" encoding="UTF-8"?>
<!DOCTYPE html PUBLIC "-//W3C//DTD XHTML 1.0 Transitional//EN"
    "http://www.w3.org/TR/xhtml1/DTD/xhtml1-transitional.dtd">
<html xmlns="http://www.w3.org/1999/xhtml" xml:lang="en" lang="en">
 <head>
  <title>
</title>
<meta http-equiv="Content-Type" content="text/html;charset=utf-8" />
  <meta name='ocr-system' content='tesseract 3.04.00' />
  <meta name='ocr-capabilities' content='ocr_page ocr_carea ocr_par ocr_line ocrx_word'/>
</head>
<body>
  <div class='ocr_page' id='page_1' title='image "./inquantumeuripi00lommgoog_0041.png"; bbox 0 0 3117 4700; ppageno 0'>
   <div class='ocr_carea' id='block_1_1' title="bbox 1512 201 1596 265">
    <p class='ocr_par' dir='ltr' id='par_1_1' title="bbox 1512 201 1596 265">
     <span class='ocr_line' id='line_1_1' title="bbox 1512 201 1596 265; baseline 0 0"><span class='ocrx_word' id='word_1_1' title='bbox 1512 201 1596 265; x_wconf 80' lang='lat'>29</span> 
     </span>
    </p>
   </div>
   <div class='ocr_carea' id='block_1_2' title="bbox 1392 291 1710 301">
    <p class='ocr_par' dir='ltr' id='par_1_2' title="bbox 1392 291 1710 301">
     <span class='ocr_line' id='line_1_2' title="bbox 1392 291 1710 301; baseline 0 4399"><span class='ocrx_word' id='word_1_2' title='bbox 1392 291 1710 301; x_wconf 95' lang='lat' dir='ltr'> </span> 
     </span>
    </p>
   </div>
   <div class='ocr_carea' id='block_1_3' title="bbox 319 381 2783 2726">
    <p class='ocr_par' dir='ltr' id='par_1_3' title="bbox 319 381 2783 2726">
     <span class='ocr_line' id='line_1_3' title="bbox 322 381 2774 483; baseline 0 -24"><span class='ocrx_word' id='word_1_3' title='bbox 322 388 637 459; x_wconf 72' lang='grc' dir='ltr'>ἐναντίων</span> <span class='ocrx_word' id='word_1_4' title='bbox 715 390 1043 483; x_wconf 78' lang='grc' dir='ltr'><strong><em>ἐπιλείψει</em></strong></span> <span class='ocrx_word' id='word_1_5' title='bbox 1060 445 1076 474; x_wconf 87' lang='grc'>,</span> <span class='ocrx_word' id='word_1_6' title='bbox 1162 389 1403 478; x_wconf 79' lang='grc' dir='ltr'><strong><em>οἴχοιτο</em></strong></span> <span class='ocrx_word' id='word_1_7' title='bbox 1490 386 1569 462; x_wconf 75' lang='grc' dir='ltr'>ἂν</span> <span class='ocrx_word' id='word_1_8' title='bbox 1656 386 1873 460; x_wconf 80' lang='grc' dir='ltr'><strong><em>πάντα</em></strong></span> <span class='ocrx_word' id='word_1_9' title='bbox 1937 381 2420 483; x_wconf 74' lang='grc' dir='ltr'><strong><em>ἆφανισθέντα·</em></strong></span> <span class='ocrx_word' id='word_1_10' title='bbox 2491 389 2594 460; x_wconf 77' lang='grc' dir='ltr'>διὸ</span> <span class='ocrx_word' id='word_1_11' title='bbox 2662 393 2774 460; x_wconf 80' lang='grc' dir='ltr'><strong><em>καὶ</em></strong></span> 
     </span>
     <span class='ocr_line' id='line_1_4' title="bbox 319 490 2774 589; baseline 0.002 -25"><span class='ocrx_word' id='word_1_12' title='bbox 319 496 654 588; x_wconf 80' lang='grc' dir='ltr'><strong><em>μέμφεται</em></strong></span> <span class='ocrx_word' id='word_1_13' title='bbox 688 502 777 588; x_wconf 75' lang='grc' dir='ltr'>τῷ</span> <span class='ocrx_word' id='word_1_14' title='bbox 801 490 1052 589; x_wconf 82' lang='grc' dir='ltr'><em>Ὁμήρῳ</em></span> <span class='ocrx_word' id='word_1_15' title='bbox 1077 492 1500 589; x_wconf 56' lang='grc' dir='ltr'><strong><em>(Ηράκλειτος</em></strong></span> <span class='ocrx_word' id='word_1_16' title='bbox 1530 494 1782 569; x_wconf 77' lang='grc' dir='ltr'><strong><em>εἶπίντι</em></strong></span> <span class='ocrx_word' id='word_1_17' title='bbox 1831 491 1955 581; x_wconf 80' lang='grc' dir='ltr'><strong><em>,,ὦς</em></strong></span> <span class='ocrx_word' id='word_1_18' title='bbox 1998 497 2127 589; x_wconf 72' lang='grc' dir='ltr'><strong><em>ἔρις</em></strong></span> <span class='ocrx_word' id='word_1_19' title='bbox 2173 502 2352 567; x_wconf 86' lang='grc' dir='ltr'><strong><em>κτλ.“</em></strong></span> <span class='ocrx_word' id='word_1_20' title='bbox 2403 494 2774 589; x_wconf 80' lang='grc' dir='ltr'><strong><em>οἰχήσεσ-</em></strong></span> 
     </span>
     <span class='ocr_line' id='line_1_5' title="bbox 322 596 2771 695; baseline 0.001 -24"><span class='ocrx_word' id='word_1_21' title='bbox 322 610 485 671; x_wconf 75' lang='grc' dir='ltr'><strong><em>θαι</em></strong></span> <span class='ocrx_word' id='word_1_22' title='bbox 516 596 635 692; x_wconf 79' lang='grc' dir='ltr'>γάρ</span> <span class='ocrx_word' id='word_1_23' title='bbox 666 627 824 695; x_wconf 87' lang='grc' dir='ltr'><strong><em>φησι</em></strong></span> <span class='ocrx_word' id='word_1_24' title='bbox 860 600 1157 674; x_wconf 79' lang='grc' dir='ltr'><strong><em>πάντα.</em></strong></span> <span class='ocrx_word' id='word_1_25' title='bbox 1207 608 1425 693; x_wconf 84' lang='lat' dir='ltr'>Simpl.</span> <span class='ocrx_word' id='word_1_26' title='bbox 1458 607 1525 673; x_wconf 91' lang='lat' dir='ltr'>in</span> <span class='ocrx_word' id='word_1_27' title='bbox 1558 616 1763 693; x_wconf 88' lang='lat' dir='ltr'>categ.</span> <span class='ocrx_word' id='word_1_28' title='bbox 1797 607 2008 676; x_wconf 82' lang='lat' dir='ltr'>Schol.</span> <span class='ocrx_word' id='word_1_29' title='bbox 2042 607 2106 673; x_wconf 91' lang='lat' dir='ltr'>in</span> <span class='ocrx_word' id='word_1_30' title='bbox 2133 607 2325 674; x_wconf 89' lang='lat' dir='ltr'>Arist.</span> <span class='ocrx_word' id='word_1_31' title='bbox 2359 629 2419 692; x_wconf 90' lang='lat' dir='ltr'>p.</span> <span class='ocrx_word' id='word_1_32' title='bbox 2447 611 2529 675; x_wconf 87' lang='lat'>88</span> <span class='ocrx_word' id='word_1_33' title='bbox 2564 609 2605 674; x_wconf 93' lang='lat' dir='ltr'><strong>b</strong></span> <span class='ocrx_word' id='word_1_34' title='bbox 2638 609 2771 694; x_wconf 87' lang='lat'><strong>30).</strong></span> 
     </span>
     <span class='ocr_line' id='line_1_6' title="bbox 509 713 2772 800; baseline 0.002 -23"><span class='ocrx_word' id='word_1_35' title='bbox 509 713 648 779; x_wconf 90' lang='lat' dir='ltr'>Hoc</span> <span class='ocrx_word' id='word_1_36' title='bbox 678 713 1005 798; x_wconf 84' lang='lat' dir='ltr'>Euripidis</span> <span class='ocrx_word' id='word_1_37' title='bbox 1051 716 1192 782; x_wconf 92' lang='lat' dir='ltr'>loco</span> <span class='ocrx_word' id='word_1_38' title='bbox 1240 716 1659 782; x_wconf 73' lang='lat' dir='ltr'>contrarietas</span> <span class='ocrx_word' id='word_1_39' title='bbox 1706 716 1859 782; x_wconf 88' lang='lat' dir='ltr'>sicci</span> <span class='ocrx_word' id='word_1_40' title='bbox 1906 724 1969 780; x_wconf 90' lang='lat' dir='ltr'>et</span> <span class='ocrx_word' id='word_1_41' title='bbox 2014 714 2260 780; x_wconf 90' lang='lat' dir='ltr'>humidi</span> <span class='ocrx_word' id='word_1_42' title='bbox 2290 714 2385 780; x_wconf 90' lang='lat' dir='ltr'>ita</span> <span class='ocrx_word' id='word_1_43' title='bbox 2416 716 2772 800; x_wconf 81' lang='lat' dir='ltr'>exponitur,</span> 
     </span>
     <span class='ocr_line' id='line_1_7' title="bbox 324 820 1828 906; baseline 0.001 -21"><span class='ocrx_word' id='word_1_44' title='bbox 324 828 399 885; x_wconf 89' lang='lat' dir='ltr'>ut</span> <span class='ocrx_word' id='word_1_45' title='bbox 444 820 716 886; x_wconf 89' lang='lat' dir='ltr'>alterum</span> <span class='ocrx_word' id='word_1_46' title='bbox 760 823 962 888; x_wconf 88' lang='lat' dir='ltr'>altero</span> <span class='ocrx_word' id='word_1_47' title='bbox 1012 822 1313 906; x_wconf 90' lang='lat' dir='ltr'>compleri</span> <span class='ocrx_word' id='word_1_48' title='bbox 1360 822 1828 906; x_wconf 83' lang='lat' dir='ltr'>intelligamus:</span> 
     </span>
     <span class='ocr_line' id='line_1_8' title="bbox 654 915 2382 1016; baseline 0.001 -25"><span class='ocrx_word' id='word_1_49' title='bbox 654 929 747 1015; x_wconf 78' lang='grc' dir='ltr'>Γῆ</span> <span class='ocrx_word' id='word_1_50' title='bbox 792 915 858 993; x_wconf 73' lang='grc' dir='ltr'>δ’</span> <span class='ocrx_word' id='word_1_51' title='bbox 910 925 1106 1009; x_wconf 79' lang='grc' dir='ltr'><strong><em>ἐστίν,</em></strong></span> <span class='ocrx_word' id='word_1_52' title='bbox 1154 919 1358 1013; x_wconf 63' lang='grc' dir='ltr'><strong><em>ὄνομα</em></strong></span> <span class='ocrx_word' id='word_1_53' title='bbox 1404 915 1469 995; x_wconf 69' lang='grc' dir='ltr'>δ’</span> <span class='ocrx_word' id='word_1_54' title='bbox 1522 920 1837 1016; x_wconf 76' lang='grc' dir='ltr'><strong><em>ὁπότερον</em></strong></span> <span class='ocrx_word' id='word_1_55' title='bbox 1882 921 2118 1016; x_wconf 79' lang='grc' dir='ltr'><strong><em>βούλει,</em></strong></span> <span class='ocrx_word' id='word_1_56' title='bbox 2165 918 2344 994; x_wconf 83' lang='grc' dir='ltr'><strong><em>κάλει</em></strong></span> <span class='ocrx_word' id='word_1_57' title='bbox 2367 949 2382 963; x_wconf 92' lang='grc'>·</span> 
     </span>
     <span class='ocr_line' id='line_1_9' title="bbox 649 1025 2177 1125; baseline 0 -26"><span class='ocrx_word' id='word_1_58' title='bbox 649 1026 811 1122; x_wconf 71' lang='grc' dir='ltr'><strong><em>αὕτη</em></strong></span> <span class='ocrx_word' id='word_1_59' title='bbox 856 1034 973 1118; x_wconf 76' lang='grc' dir='ltr'>μὲν</span> <span class='ocrx_word' id='word_1_60' title='bbox 1016 1034 1084 1101; x_wconf 74' lang='grc' dir='ltr'>ἐν</span> <span class='ocrx_word' id='word_1_61' title='bbox 1127 1034 1503 1124; x_wconf 82' lang='grc' dir='ltr'><strong><em>ξηροῖσιν</em></strong></span> <span class='ocrx_word' id='word_1_62' title='bbox 1548 1033 1840 1125; x_wconf 79' lang='grc' dir='ltr'><strong><em>ἐκτρέφει</em></strong></span> <span class='ocrx_word' id='word_1_63' title='bbox 1888 1025 2177 1123; x_wconf 79' lang='grc' dir='ltr'><strong><em>βροτοός.</em></strong></span> 
     </span>
     <span class='ocr_line' id='line_1_10' title="bbox 645 1127 2508 1231; baseline 0 -25"><span class='ocrx_word' id='word_1_64' title='bbox 645 1130 717 1206; x_wconf 85' lang='grc' dir='ltr'><strong><em>Ὁ</em></strong></span> <span class='ocrx_word' id='word_1_65' title='bbox 760 1128 825 1207; x_wconf 71' lang='grc' dir='ltr'>δ’</span> <span class='ocrx_word' id='word_1_66' title='bbox 874 1127 1081 1231; x_wconf 73' lang='grc' dir='ltr'><strong><em>ἦλθεν</em></strong></span> <span class='ocrx_word' id='word_1_67' title='bbox 1126 1141 1241 1208; x_wconf 75' lang='grc' dir='ltr'>ἐπὶ</span> <span class='ocrx_word' id='word_1_68' title='bbox 1284 1129 1842 1222; x_wconf 81' lang='grc' dir='ltr'><strong><em>τᾶντίπαλον,</em></strong></span> <span class='ocrx_word' id='word_1_69' title='bbox 1892 1131 1926 1208; x_wconf 79' lang='grc' dir='ltr'><em>ὃ</em></span> <span class='ocrx_word' id='word_1_70' title='bbox 1971 1138 2248 1229; x_wconf 80' lang='grc' dir='ltr'><strong><em>Σεμέλης</em></strong></span> <span class='ocrx_word' id='word_1_71' title='bbox 2293 1132 2508 1227; x_wconf 83' lang='grc' dir='ltr'><strong><em>γόνος·</em></strong></span> 
     </span>
     <span class='ocr_line' id='line_1_11' title="bbox 652 1235 2179 1337; baseline 0 -24"><span class='ocrx_word' id='word_1_72' title='bbox 652 1238 924 1335; x_wconf 79' lang='grc' dir='ltr'><strong><em>βότρυος</em></strong></span> <span class='ocrx_word' id='word_1_73' title='bbox 970 1237 1216 1335; x_wconf 69' lang='grc' dir='ltr'><strong><em>ὑγρὸν</em></strong></span> <span class='ocrx_word' id='word_1_74' title='bbox 1262 1249 1464 1331; x_wconf 82' lang='grc' dir='ltr'><em>πῶμα</em></span> <span class='ocrx_word' id='word_1_75' title='bbox 1508 1235 1647 1336; x_wconf 74' lang='grc' dir='ltr'><strong><em>εὗρε</em></strong></span> <span class='ocrx_word' id='word_1_76' title='bbox 1691 1248 1950 1337; x_wconf 80' lang='lat' dir='ltr'>(Bacch.</span> <span class='ocrx_word' id='word_1_77' title='bbox 1998 1245 2179 1333; x_wconf 80' lang='lat'>276).</span> 
     </span>
     <span class='ocr_line' id='line_1_12' title="bbox 336 1353 2148 1424; baseline 0.001 -5"><span class='ocrx_word' id='word_1_78' title='bbox 336 1355 414 1419; x_wconf 90' lang='lat' dir='ltr'>Iu</span> <span class='ocrx_word' id='word_1_79' title='bbox 461 1353 636 1419; x_wconf 88' lang='lat' dir='ltr'>iusta</span> <span class='ocrx_word' id='word_1_80' title='bbox 679 1362 896 1421; x_wconf 92' lang='lat' dir='ltr'>autem</span> <span class='ocrx_word' id='word_1_81' title='bbox 941 1355 1188 1421; x_wconf 89' lang='lat' dir='ltr'>ratione</span> <span class='ocrx_word' id='word_1_82' title='bbox 1236 1354 1645 1423; x_wconf 81' lang='lat' dir='ltr'>diversitates</span> <span class='ocrx_word' id='word_1_83' title='bbox 1692 1376 1835 1424; x_wconf 88' lang='lat' dir='ltr'>esse</span> <span class='ocrx_word' id='word_1_84' title='bbox 1881 1354 2148 1422; x_wconf 88' lang='lat' dir='ltr'>debent:</span> 
     </span>
     <span class='ocr_line' id='line_1_13' title="bbox 658 1449 2175 1551; baseline 0.001 -26"><span class='ocrx_word' id='word_1_85' title='bbox 658 1455 750 1528; x_wconf 75' lang='grc' dir='ltr'>Τὸ</span> <span class='ocrx_word' id='word_1_86' title='bbox 797 1455 916 1551; x_wconf 83' lang='grc' dir='ltr'>γὰρ</span> <span class='ocrx_word' id='word_1_87' title='bbox 961 1457 1148 1528; x_wconf 82' lang='grc' dir='ltr'><strong><em>ἴσον</em></strong></span> <span class='ocrx_word' id='word_1_88' title='bbox 1193 1454 1549 1545; x_wconf 88' lang='grc' dir='ltr'><strong><em>νόμιμον</em></strong></span> <span class='ocrx_word' id='word_1_89' title='bbox 1596 1449 1976 1550; x_wconf 70' lang='grc' dir='ltr'><strong><em>ἀνθρώποις</em></strong></span> <span class='ocrx_word' id='word_1_90' title='bbox 2021 1456 2175 1550; x_wconf 74' lang='grc' dir='ltr'><strong><em>ἔφυ·</em></strong></span> 
     </span>
     <span class='ocr_line' id='line_1_14' title="bbox 651 1555 2370 1655; baseline 0.002 -24"><span class='ocrx_word' id='word_1_91' title='bbox 651 1570 745 1655; x_wconf 81' lang='grc' dir='ltr'>τῷ</span> <span class='ocrx_word' id='word_1_92' title='bbox 791 1565 1085 1634; x_wconf 80' lang='grc' dir='ltr'><strong><em>πλέονι</em></strong></span> <span class='ocrx_word' id='word_1_93' title='bbox 1132 1555 1198 1634; x_wconf 69' lang='grc' dir='ltr'>δ’</span> <span class='ocrx_word' id='word_1_94' title='bbox 1250 1556 1351 1634; x_wconf 61' lang='lat' dir='ltr'>del,</span> <span class='ocrx_word' id='word_1_95' title='bbox 1398 1565 1811 1652; x_wconf 82' lang='grc' dir='ltr'><strong><em>πολέμιον</em></strong></span> <span class='ocrx_word' id='word_1_96' title='bbox 1854 1564 2370 1634; x_wconf 74' lang='grc' dir='ltr'><strong><em>καθίσταται</em></strong></span> 
     </span>
     <span class='ocr_line' id='line_1_15' title="bbox 650 1663 2256 1763; baseline 0.002 -25"><span class='ocrx_word' id='word_1_97' title='bbox 650 1665 1126 1741; x_wconf 60' lang='grc' dir='ltr'><strong><em>τοῦλασσον</em></strong></span> <span class='ocrx_word' id='word_1_98' title='bbox 1171 1674 1406 1762; x_wconf 68' lang='grc' dir='ltr'><strong><em>ἐχθρᾶς</em></strong></span> <span class='ocrx_word' id='word_1_99' title='bbox 1451 1663 1520 1741; x_wconf 73' lang='grc' dir='ltr'>θ’</span> <span class='ocrx_word' id='word_1_100' title='bbox 1571 1665 1813 1763; x_wconf 79' lang='grc' dir='ltr'><strong><em>ἡμέρας</em></strong></span> <span class='ocrx_word' id='word_1_101' title='bbox 1857 1667 2256 1761; x_wconf 76' lang='grc' dir='ltr'><strong><em>κατάρχεται.</em></strong></span> 
     </span>
     <span class='ocr_line' id='line_1_16' title="bbox 332 1767 2783 1871; baseline 0.001 -27"><span class='ocrx_word' id='word_1_102' title='bbox 332 1776 444 1864; x_wconf 88' lang='lat' dir='ltr'>(cf.</span> <span class='ocrx_word' id='word_1_103' title='bbox 494 1777 574 1845; x_wconf 88' lang='lat' dir='ltr'>de</span> <span class='ocrx_word' id='word_1_104' title='bbox 621 1780 813 1848; x_wconf 88' lang='lat' dir='ltr'>diaet.</span> <span class='ocrx_word' id='word_1_105' title='bbox 851 1783 901 1866; x_wconf 95' lang='lat' dir='ltr'>I,</span> <span class='ocrx_word' id='word_1_106' title='bbox 951 1784 1026 1848; x_wconf 81' lang='lat'>5:</span> <span class='ocrx_word' id='word_1_107' title='bbox 1076 1777 1298 1871; x_wconf 74' lang='grc' dir='ltr'><strong><em>φθορὴ</em></strong></span> <span class='ocrx_word' id='word_1_108' title='bbox 1350 1780 1423 1847; x_wconf 74' lang='grc' dir='ltr'>δὲ</span> <span class='ocrx_word' id='word_1_109' title='bbox 1468 1783 1673 1847; x_wconf 79' lang='grc' dir='ltr'><strong><em>πᾶσιν</em></strong></span> <span class='ocrx_word' id='word_1_110' title='bbox 1718 1767 1832 1848; x_wconf 71' lang='grc' dir='ltr'>ἄπ’</span> <span class='ocrx_word' id='word_1_111' title='bbox 1884 1767 2201 1869; x_wconf 74' lang='grc' dir='ltr'><strong><em>ἀλλήλων,</em></strong></span> <span class='ocrx_word' id='word_1_112' title='bbox 2247 1783 2342 1868; x_wconf 76' lang='grc' dir='ltr'>τῷ</span> <span class='ocrx_word' id='word_1_113' title='bbox 2384 1779 2601 1866; x_wconf 81' lang='grc' dir='ltr'><strong><em>μέζονι</em></strong></span> <span class='ocrx_word' id='word_1_114' title='bbox 2646 1768 2783 1847; x_wconf 69' lang='lat' dir='ltr'>dno</span> 
     </span>
     <span class='ocr_line' id='line_1_17' title="bbox 326 1876 2783 1974; baseline 0.002 -25"><span class='ocrx_word' id='word_1_115' title='bbox 326 1887 449 1949; x_wconf 82' lang='grc' dir='ltr'>τοῦ</span> <span class='ocrx_word' id='word_1_116' title='bbox 493 1882 746 1968; x_wconf 82' lang='grc' dir='ltr'><strong><em>μείονος</em></strong></span> <span class='ocrx_word' id='word_1_117' title='bbox 790 1887 901 1954; x_wconf 79' lang='grc' dir='ltr'><strong><em>καὶ</em></strong></span> <span class='ocrx_word' id='word_1_118' title='bbox 946 1890 1042 1974; x_wconf 76' lang='grc' dir='ltr'>τῷ</span> <span class='ocrx_word' id='word_1_119' title='bbox 1084 1885 1293 1970; x_wconf 87' lang='grc' dir='ltr'><strong><em>μείονι</em></strong></span> <span class='ocrx_word' id='word_1_120' title='bbox 1339 1876 1477 1954; x_wconf 75' lang='grc' dir='ltr'>ἀπὸ</span> <span class='ocrx_word' id='word_1_121' title='bbox 1523 1890 1644 1953; x_wconf 78' lang='grc' dir='ltr'>τοῦ</span> <span class='ocrx_word' id='word_1_122' title='bbox 1686 1886 1982 1973; x_wconf 83' lang='grc' dir='ltr'><strong><em>μέζονος·</em></strong></span> <span class='ocrx_word' id='word_1_123' title='bbox 2028 1878 2285 1966; x_wconf 46' lang='lat' dir='ltr'>aggerat</span> <span class='ocrx_word' id='word_1_124' title='bbox 2330 1887 2442 1954; x_wconf 82' lang='grc' dir='ltr'><strong><em>καὶ</em></strong></span> <span class='ocrx_word' id='word_1_125' title='bbox 2486 1882 2563 1955; x_wconf 85' lang='grc' dir='ltr'>τὸ</span> <span class='ocrx_word' id='word_1_126' title='bbox 2593 1887 2783 1973; x_wconf 82' lang='grc' dir='ltr'><strong><em>μέζον</em></strong></span> 
     </span>
     <span class='ocr_line' id='line_1_18' title="bbox 330 1983 1183 2079; baseline 0.004 -22"><span class='ocrx_word' id='word_1_127' title='bbox 330 1983 473 2058; x_wconf 78' lang='grc' dir='ltr'>ἀπὸ</span> <span class='ocrx_word' id='word_1_128' title='bbox 521 1994 638 2058; x_wconf 82' lang='grc' dir='ltr'>τοῦ</span> <span class='ocrx_word' id='word_1_129' title='bbox 685 1986 1032 2073; x_wconf 80' lang='grc' dir='ltr'><strong><em>ἐλάσσονος</em></strong></span> <span class='ocrx_word' id='word_1_130' title='bbox 1064 2046 1079 2060; x_wconf 93' lang='grc'><strong>.</strong></span> <span class='ocrx_word' id='word_1_131' title='bbox 1114 1994 1183 2079; x_wconf 87' lang='grc'>.).</span> 
     </span>
     <span class='ocr_line' id='line_1_19' title="bbox 655 2099 2417 2179; baseline 0.002 -14"><span class='ocrx_word' id='word_1_132' title='bbox 655 2099 799 2179; x_wconf 86' lang='lat' dir='ltr'>Qua</span> <span class='ocrx_word' id='word_1_133' title='bbox 843 2100 925 2167; x_wconf 87' lang='lat' dir='ltr'>de</span> <span class='ocrx_word' id='word_1_134' title='bbox 973 2122 1167 2168; x_wconf 89' lang='lat' dir='ltr'>causa</span> <span class='ocrx_word' id='word_1_135' title='bbox 1212 2121 1398 2167; x_wconf 90' lang='lat' dir='ltr'>omne</span> <span class='ocrx_word' id='word_1_136' title='bbox 1446 2102 1709 2170; x_wconf 90' lang='lat' dir='ltr'>nimium</span> <span class='ocrx_word' id='word_1_137' title='bbox 1755 2103 2024 2169; x_wconf 87' lang='lat' dir='ltr'>vertitur</span> <span class='ocrx_word' id='word_1_138' title='bbox 2067 2102 2130 2168; x_wconf 90' lang='lat' dir='ltr'>in</span> <span class='ocrx_word' id='word_1_139' title='bbox 2177 2102 2417 2169; x_wconf 89' lang='lat' dir='ltr'>vitium.</span> 
     </span>
     <span class='ocr_line' id='line_1_20' title="bbox 656 2194 2448 2296; baseline 0.002 -25"><span class='ocrx_word' id='word_1_140' title='bbox 656 2200 845 2272; x_wconf 64' lang='grc' dir='ltr'><strong><em>Οὕτω</em></strong></span> <span class='ocrx_word' id='word_1_141' title='bbox 890 2201 966 2273; x_wconf 80' lang='grc' dir='ltr'>τὸ</span> <span class='ocrx_word' id='word_1_142' title='bbox 1012 2205 1160 2273; x_wconf 86' lang='grc' dir='ltr'><strong><em>λίαν</em></strong></span> <span class='ocrx_word' id='word_1_143' title='bbox 1203 2194 1407 2296; x_wconf 82' lang='grc' dir='ltr'><strong><em>ἧσσον</em></strong></span> <span class='ocrx_word' id='word_1_144' title='bbox 1450 2207 1704 2275; x_wconf 74' lang='grc' dir='ltr'><strong><em>ἐπαινῶ</em></strong></span> <span class='ocrx_word' id='word_1_145' title='bbox 1746 2210 1863 2273; x_wconf 79' lang='grc' dir='ltr'>τοῦ</span> <span class='ocrx_word' id='word_1_146' title='bbox 1906 2206 2161 2295; x_wconf 78' lang='grc' dir='ltr'><strong><em>μηδὲν</em></strong></span> <span class='ocrx_word' id='word_1_147' title='bbox 2206 2199 2448 2293; x_wconf 74' lang='grc' dir='ltr'><strong><em>ἷὶγαν·</em></strong></span> 
     </span>
     <span class='ocr_line' id='line_1_21' title="bbox 653 2305 2230 2404; baseline 0.001 -26"><span class='ocrx_word' id='word_1_148' title='bbox 653 2311 767 2379; x_wconf 81' lang='grc' dir='ltr'><strong><em>καὶ</em></strong></span> <span class='ocrx_word' id='word_1_149' title='bbox 812 2305 1216 2404; x_wconf 83' lang='grc' dir='ltr'><strong><em>ξυμφήσουσι</em></strong></span> <span class='ocrx_word' id='word_1_150' title='bbox 1263 2312 1510 2404; x_wconf 86' lang='grc' dir='ltr'><strong><em>σοφοί</em></strong></span> <span class='ocrx_word' id='word_1_151' title='bbox 1555 2340 1671 2399; x_wconf 92' lang='grc' dir='ltr'><strong><em>μοι</em></strong></span> <span class='ocrx_word' id='word_1_152' title='bbox 1719 2315 2005 2402; x_wconf 88' lang='lat' dir='ltr'>(Hippol.</span> <span class='ocrx_word' id='word_1_153' title='bbox 2052 2314 2230 2398; x_wconf 80' lang='lat'>264).</span> 
     </span>
     <span class='ocr_line' id='line_1_22' title="bbox 1292 2409 2145 2508; baseline 0.001 -23"><span class='ocrx_word' id='word_1_154' title='bbox 1292 2416 1390 2487; x_wconf 83' lang='grc' dir='ltr'>Τὰ</span> <span class='ocrx_word' id='word_1_155' title='bbox 1435 2409 1500 2488; x_wconf 74' lang='grc' dir='ltr'>δ’</span> <span class='ocrx_word' id='word_1_156' title='bbox 1552 2409 2145 2508; x_wconf 72' lang='grc' dir='ltr'><strong><em>ὖπερβάλλοντ’</em></strong></span> 
     </span>
     <span class='ocr_line' id='line_1_23' title="bbox 650 2515 2423 2616; baseline 0.001 -23"><span class='ocrx_word' id='word_1_157' title='bbox 650 2515 942 2595; x_wconf 71' lang='grc' dir='ltr'><strong><em>οὐδένα</em></strong></span> <span class='ocrx_word' id='word_1_158' title='bbox 988 2523 1274 2616; x_wconf 83' lang='grc' dir='ltr'><strong><em>καιρὸν</em></strong></span> <span class='ocrx_word' id='word_1_159' title='bbox 1319 2519 1590 2594; x_wconf 72' lang='grc' dir='ltr'><strong><em>δύναται</em></strong></span> <span class='ocrx_word' id='word_1_160' title='bbox 1637 2535 1907 2616; x_wconf 72' lang='grc' dir='ltr'><strong><em>θνητοῖς</em></strong></span> <span class='ocrx_word' id='word_1_161' title='bbox 1954 2528 2151 2612; x_wconf 81' lang='lat' dir='ltr'>(Med.</span> <span class='ocrx_word' id='word_1_162' title='bbox 2207 2527 2423 2614; x_wconf 77' lang='lat'>1271).</span> 
     </span>
     <span class='ocr_line' id='line_1_24' title="bbox 328 2625 2621 2726; baseline 0 -27"><span class='ocrx_word' id='word_1_163' title='bbox 328 2633 405 2699; x_wconf 81' lang='lat' dir='ltr'>ef.</span> <span class='ocrx_word' id='word_1_164' title='bbox 452 2653 549 2717; x_wconf 81' lang='lat' dir='ltr'>ep.</span> <span class='ocrx_word' id='word_1_165' title='bbox 598 2633 749 2703; x_wconf 83' lang='lat' dir='ltr'>Her.</span> <span class='ocrx_word' id='word_1_166' title='bbox 798 2637 881 2716; x_wconf 86' lang='lat' dir='ltr'>V,</span> <span class='ocrx_word' id='word_1_167' title='bbox 928 2636 993 2702; x_wconf 88' lang='lat' dir='ltr'>I:</span> <span class='ocrx_word' id='word_1_168' title='bbox 1040 2625 1458 2722; x_wconf 72' lang='grc' dir='ltr'><strong><em>ὑπερβολὴ</em></strong></span> <span class='ocrx_word' id='word_1_169' title='bbox 1508 2625 1784 2724; x_wconf 79' lang='grc' dir='ltr'><em>ὖγροῦἦ</em></span> <span class='ocrx_word' id='word_1_170' title='bbox 1835 2636 1944 2702; x_wconf 78' lang='grc' dir='ltr'>νῦν</span> <span class='ocrx_word' id='word_1_171' title='bbox 1989 2630 2104 2726; x_wconf 75' lang='grc' dir='ltr'><strong><em>ἐμή</em></strong></span> <span class='ocrx_word' id='word_1_172' title='bbox 2155 2625 2313 2722; x_wconf 78' lang='grc' dir='ltr'><strong><em>ὖγρὰ</em></strong></span> <span class='ocrx_word' id='word_1_173' title='bbox 2358 2627 2621 2713; x_wconf 85' lang='grc' dir='ltr'><strong><em>νόσος.</em></strong></span> 
     </span>
    </p>
   </div>
   <div class='ocr_carea' id='block_1_4' title="bbox 1530 2871 1618 2942">
    <p class='ocr_par' dir='ltr' id='par_1_4' title="bbox 1530 2871 1618 2942">
     <span class='ocr_line' id='line_1_25' title="bbox 1530 2871 1618 2942; baseline 0 -1"><span class='ocrx_word' id='word_1_174' title='bbox 1530 2871 1618 2942; x_wconf 85' lang='grc' dir='ltr'>ΙΙ.</span> 
     </span>
    </p>
   </div>
   <div class='ocr_carea' id='block_1_5' title="bbox 1106 2998 2028 3094">
    <p class='ocr_par' dir='ltr' id='par_1_5' title="bbox 1106 2998 2028 3094">
     <span class='ocr_line' id='line_1_26' title="bbox 1106 2998 2028 3094; baseline 0.004 -23"><span class='ocrx_word' id='word_1_175' title='bbox 1106 2998 1422 3094; x_wconf 72' lang='grc' dir='ltr'><strong><em>Λόγος</em></strong></span> <span class='ocrx_word' id='word_1_176' title='bbox 1491 3000 2028 3086; x_wconf 81' lang='grc' dir='ltr'><strong><em>πολιτικός.</em></strong></span> 
     </span>
    </p>
   </div>
   <div class='ocr_carea' id='block_1_6' title="bbox 340 3168 2790 4214">
    <p class='ocr_par' dir='ltr' id='par_1_6' title="bbox 340 3168 2790 4214">
     <span class='ocr_line' id='line_1_27' title="bbox 519 3168 2782 3255; baseline 0 -20"><span class='ocrx_word' id='word_1_177' title='bbox 519 3168 829 3236; x_wconf 84' lang='lat' dir='ltr'>Heracliti</span> <span class='ocrx_word' id='word_1_178' title='bbox 891 3169 1284 3251; x_wconf 82' lang='lat' dir='ltr'>fragmenta,</span> <span class='ocrx_word' id='word_1_179' title='bbox 1354 3189 1521 3251; x_wconf 89' lang='lat' dir='ltr'>quae</span> <span class='ocrx_word' id='word_1_180' title='bbox 1593 3168 1680 3234; x_wconf 90' lang='lat' dir='ltr'>ad</span> <span class='ocrx_word' id='word_1_181' title='bbox 1748 3169 2075 3252; x_wconf 88' lang='lat' dir='ltr'>politicam</span> <span class='ocrx_word' id='word_1_182' title='bbox 2137 3175 2383 3252; x_wconf 85' lang='lat' dir='ltr'>partem</span> <span class='ocrx_word' id='word_1_183' title='bbox 2445 3170 2782 3255; x_wconf 80' lang='lat' dir='ltr'>pertinent,</span> 
     </span>
     <span class='ocr_line' id='line_1_28' title="bbox 340 3274 2780 3360; baseline 0 -19"><span class='ocrx_word' id='word_1_184' title='bbox 340 3274 515 3341; x_wconf 88' lang='lat' dir='ltr'>haud</span> <span class='ocrx_word' id='word_1_185' title='bbox 549 3276 748 3341; x_wconf 90' lang='lat' dir='ltr'>multa</span> <span class='ocrx_word' id='word_1_186' title='bbox 779 3294 1039 3341; x_wconf 90' lang='lat' dir='ltr'>numero</span> <span class='ocrx_word' id='word_1_187' title='bbox 1071 3283 1237 3358; x_wconf 89' lang='lat' dir='ltr'>sunt,</span> <span class='ocrx_word' id='word_1_188' title='bbox 1285 3275 1531 3340; x_wconf 87' lang='lat' dir='ltr'>minora</span> <span class='ocrx_word' id='word_1_189' title='bbox 1576 3285 1790 3342; x_wconf 88' lang='lat' dir='ltr'>autem</span> <span class='ocrx_word' id='word_1_190' title='bbox 1837 3294 1933 3358; x_wconf 87' lang='lat' dir='ltr'>ea,</span> <span class='ocrx_word' id='word_1_191' title='bbox 1980 3295 2146 3358; x_wconf 89' lang='lat' dir='ltr'>quae</span> <span class='ocrx_word' id='word_1_192' title='bbox 2178 3276 2347 3359; x_wconf 88' lang='lat' dir='ltr'>parti</span> <span class='ocrx_word' id='word_1_193' title='bbox 2377 3274 2780 3360; x_wconf 84' lang='lat' dir='ltr'>theologicae</span> 
     </span>
     <span class='ocr_line' id='line_1_29' title="bbox 341 3379 2784 3467; baseline 0.001 -20"><span class='ocrx_word' id='word_1_194' title='bbox 341 3380 686 3448; x_wconf 88' lang='lat' dir='ltr'>tribuenda</span> <span class='ocrx_word' id='word_1_195' title='bbox 730 3388 895 3448; x_wconf 88' lang='lat' dir='ltr'>sunt.</span> <span class='ocrx_word' id='word_1_196' title='bbox 988 3380 1120 3448; x_wconf 87' lang='lat' dir='ltr'>Sed</span> <span class='ocrx_word' id='word_1_197' title='bbox 1168 3380 1329 3446; x_wconf 91' lang='lat' dir='ltr'>liber</span> <span class='ocrx_word' id='word_1_198' title='bbox 1373 3381 1512 3466; x_wconf 91' lang='lat' dir='ltr'>ipse</span> <span class='ocrx_word' id='word_1_199' title='bbox 1559 3381 1652 3446; x_wconf 86' lang='lat' dir='ltr'>ita</span> <span class='ocrx_word' id='word_1_200' title='bbox 1696 3379 1941 3447; x_wconf 88' lang='lat' dir='ltr'>divisus</span> <span class='ocrx_word' id='word_1_201' title='bbox 1986 3401 2130 3447; x_wconf 88' lang='lat' dir='ltr'>esse</span> <span class='ocrx_word' id='word_1_202' title='bbox 2177 3380 2457 3466; x_wconf 87' lang='lat' dir='ltr'>videtur,</span> <span class='ocrx_word' id='word_1_203' title='bbox 2513 3389 2584 3449; x_wconf 89' lang='lat' dir='ltr'>ut</span> <span class='ocrx_word' id='word_1_204' title='bbox 2628 3383 2784 3467; x_wconf 90' lang='lat' dir='ltr'>poli-</span> 
     </span>
     <span class='ocr_line' id='line_1_30' title="bbox 345 3479 2785 3578; baseline 0 -24"><span class='ocrx_word' id='word_1_205' title='bbox 345 3487 477 3555; x_wconf 86' lang='lat' dir='ltr'>tica</span> <span class='ocrx_word' id='word_1_206' title='bbox 520 3497 587 3554; x_wconf 92' lang='lat' dir='ltr'>et</span> <span class='ocrx_word' id='word_1_207' title='bbox 630 3487 996 3572; x_wconf 83' lang='lat' dir='ltr'>theologica</span> <span class='ocrx_word' id='word_1_208' title='bbox 1040 3495 1242 3573; x_wconf 87' lang='lat' dir='ltr'>parte,</span> <span class='ocrx_word' id='word_1_209' title='bbox 1291 3486 1359 3552; x_wconf 90' lang='lat' dir='ltr'>id</span> <span class='ocrx_word' id='word_1_210' title='bbox 1405 3486 1579 3569; x_wconf 89' lang='lat' dir='ltr'>quod</span> <span class='ocrx_word' id='word_1_211' title='bbox 1626 3487 1767 3572; x_wconf 87' lang='lat' dir='ltr'>ipso</span> <span class='ocrx_word' id='word_1_212' title='bbox 1814 3486 1953 3553; x_wconf 88' lang='lat' dir='ltr'>eius</span> <span class='ocrx_word' id='word_1_213' title='bbox 1999 3486 2211 3554; x_wconf 90' lang='lat' dir='ltr'>indice</span> <span class='ocrx_word' id='word_1_214' title='bbox 2258 3486 2451 3572; x_wconf 68' lang='lat' dir='ltr'>„napi</span> <span class='ocrx_word' id='word_1_215' title='bbox 2493 3479 2785 3578; x_wconf 81' lang='grc' dir='ltr'><strong><em>φύσεως“</em></strong></span> 
     </span>
     <span class='ocr_line' id='line_1_31' title="bbox 348 3593 2790 3681; baseline 0.001 -21"><span class='ocrx_word' id='word_1_216' title='bbox 348 3594 682 3681; x_wconf 80' lang='lat' dir='ltr'>probatus,</span> <span class='ocrx_word' id='word_1_217' title='bbox 746 3594 951 3680; x_wconf 90' lang='lat' dir='ltr'>prima</span> <span class='ocrx_word' id='word_1_218' title='bbox 1007 3594 1215 3678; x_wconf 88' lang='lat' dir='ltr'>magis</span> <span class='ocrx_word' id='word_1_219' title='bbox 1279 3594 1702 3660; x_wconf 86' lang='lat' dir='ltr'>illustraretur</span> <span class='ocrx_word' id='word_1_220' title='bbox 1764 3601 1828 3661; x_wconf 91' lang='lat' dir='ltr'>et</span> <span class='ocrx_word' id='word_1_221' title='bbox 1872 3594 2180 3661; x_wconf 86' lang='lat' dir='ltr'>Heracliti</span> <span class='ocrx_word' id='word_1_222' title='bbox 2234 3593 2504 3679; x_wconf 84' lang='lat' dir='ltr'>physica</span> <span class='ocrx_word' id='word_1_223' title='bbox 2551 3596 2790 3680; x_wconf 84' lang='lat' dir='ltr'>placita</span> 
     </span>
     <span class='ocr_line' id='line_1_32' title="bbox 348 3699 2786 3787; baseline 0.001 -20"><span class='ocrx_word' id='word_1_224' title='bbox 348 3702 660 3787; x_wconf 82' lang='lat' dir='ltr'>exemplis</span> <span class='ocrx_word' id='word_1_225' title='bbox 707 3723 788 3768; x_wconf 83' lang='lat' dir='ltr'>ex</span> <span class='ocrx_word' id='word_1_226' title='bbox 832 3701 1024 3769; x_wconf 87' lang='lat' dir='ltr'>rebus</span> <span class='ocrx_word' id='word_1_227' title='bbox 1069 3701 1350 3787; x_wconf 88' lang='lat' dir='ltr'>politicis</span> <span class='ocrx_word' id='word_1_228' title='bbox 1408 3709 1473 3767; x_wconf 93' lang='lat' dir='ltr'>et</span> <span class='ocrx_word' id='word_1_229' title='bbox 1527 3699 1908 3785; x_wconf 84' lang='lat' dir='ltr'>theologicis</span> <span class='ocrx_word' id='word_1_230' title='bbox 1955 3699 2243 3786; x_wconf 87' lang='lat' dir='ltr'>repetitis</span> <span class='ocrx_word' id='word_1_231' title='bbox 2289 3699 2786 3769; x_wconf 85' lang='lat' dir='ltr'>declararentur.</span> 
     </span>
     <span class='ocr_line' id='line_1_33' title="bbox 347 3807 2788 3894; baseline 0.001 -19"><span class='ocrx_word' id='word_1_232' title='bbox 347 3807 492 3888; x_wconf 82' lang='lat' dir='ltr'>Qua</span> <span class='ocrx_word' id='word_1_233' title='bbox 535 3807 617 3875; x_wconf 88' lang='lat' dir='ltr'>de</span> <span class='ocrx_word' id='word_1_234' title='bbox 666 3827 865 3875; x_wconf 87' lang='lat' dir='ltr'>causa</span> <span class='ocrx_word' id='word_1_235' title='bbox 895 3810 1111 3892; x_wconf 83' lang='lat' dir='ltr'>multa,</span> <span class='ocrx_word' id='word_1_236' title='bbox 1157 3828 1342 3894; x_wconf 88' lang='lat' dir='ltr'>quae,</span> <span class='ocrx_word' id='word_1_237' title='bbox 1389 3808 1447 3875; x_wconf 91' lang='lat' dir='ltr'>si</span> <span class='ocrx_word' id='word_1_238' title='bbox 1476 3828 1611 3875; x_wconf 88' lang='lat' dir='ltr'>rem</span> <span class='ocrx_word' id='word_1_239' title='bbox 1643 3807 1849 3892; x_wconf 87' lang='lat' dir='ltr'>ipsam</span> <span class='ocrx_word' id='word_1_240' title='bbox 1881 3814 2154 3892; x_wconf 88' lang='lat' dir='ltr'>spectes,</span> <span class='ocrx_word' id='word_1_241' title='bbox 2204 3807 2387 3873; x_wconf 89' lang='lat' dir='ltr'>alteri</span> <span class='ocrx_word' id='word_1_242' title='bbox 2419 3818 2530 3875; x_wconf 87' lang='lat' dir='ltr'>aut</span> <span class='ocrx_word' id='word_1_243' title='bbox 2561 3810 2788 3877; x_wconf 85' lang='lat' dir='ltr'>tertiae</span> 
     </span>
     <span class='ocr_line' id='line_1_34' title="bbox 349 3912 2784 4000; baseline 0 -20"><span class='ocrx_word' id='word_1_244' title='bbox 349 3914 517 4000; x_wconf 85' lang='lat' dir='ltr'>parti</span> <span class='ocrx_word' id='word_1_245' title='bbox 564 3914 902 3981; x_wconf 87' lang='lat' dir='ltr'>tribuenda</span> <span class='ocrx_word' id='word_1_246' title='bbox 945 3922 1121 4000; x_wconf 86' lang='lat' dir='ltr'>sunt,</span> <span class='ocrx_word' id='word_1_247' title='bbox 1184 3915 1313 3981; x_wconf 88' lang='lat' dir='ltr'>iam</span> <span class='ocrx_word' id='word_1_248' title='bbox 1370 3913 1437 3980; x_wconf 88' lang='lat' dir='ltr'>iu</span> <span class='ocrx_word' id='word_1_249' title='bbox 1494 3915 1702 4000; x_wconf 88' lang='lat' dir='ltr'>prima</span> <span class='ocrx_word' id='word_1_250' title='bbox 1749 3912 2014 3980; x_wconf 81' lang='lat' dir='ltr'>forsitan</span> <span class='ocrx_word' id='word_1_251' title='bbox 2060 3913 2449 4000; x_wconf 80' lang='lat' dir='ltr'>exstiterint,</span> <span class='ocrx_word' id='word_1_252' title='bbox 2512 3935 2640 3999; x_wconf 85' lang='lat' dir='ltr'>qua</span> <span class='ocrx_word' id='word_1_253' title='bbox 2686 3937 2784 3981; x_wconf 87' lang='lat' dir='ltr'>ra-</span> 
     </span>
     <span class='ocr_line' id='line_1_35' title="bbox 350 4020 2787 4107; baseline 0 -19"><span class='ocrx_word' id='word_1_254' title='bbox 350 4021 524 4088; x_wconf 89' lang='lat' dir='ltr'>tione</span> <span class='ocrx_word' id='word_1_255' title='bbox 571 4029 635 4087; x_wconf 93' lang='lat' dir='ltr'>et</span> <span class='ocrx_word' id='word_1_256' title='bbox 680 4020 807 4106; x_wconf 88' lang='lat' dir='ltr'>ipsi</span> <span class='ocrx_word' id='word_1_257' title='bbox 855 4021 1018 4089; x_wconf 90' lang='lat' dir='ltr'>hanc</span> <span class='ocrx_word' id='word_1_258' title='bbox 1064 4040 1197 4088; x_wconf 88' lang='lat' dir='ltr'>rem</span> <span class='ocrx_word' id='word_1_259' title='bbox 1242 4021 1674 4088; x_wconf 85' lang='lat' dir='ltr'>tractavimus.</span> <span class='ocrx_word' id='word_1_260' title='bbox 1753 4021 2046 4088; x_wconf 83' lang='lat' dir='ltr'>Ceterum</span> <span class='ocrx_word' id='word_1_261' title='bbox 2093 4030 2316 4087; x_wconf 88' lang='lat' dir='ltr'>notare</span> <span class='ocrx_word' id='word_1_262' title='bbox 2362 4021 2573 4107; x_wconf 83' lang='lat' dir='ltr'>velim,</span> <span class='ocrx_word' id='word_1_263' title='bbox 2622 4042 2787 4106; x_wconf 88' lang='lat' dir='ltr'>quae</span> 
     </span>
     <span class='ocr_line' id='line_1_36' title="bbox 353 4126 2786 4214; baseline 0.001 -21"><span class='ocrx_word' id='word_1_264' title='bbox 353 4135 533 4213; x_wconf 85' lang='lat' dir='ltr'>parte</span> <span class='ocrx_word' id='word_1_265' title='bbox 592 4128 797 4194; x_wconf 88' lang='lat' dir='ltr'>altera</span> <span class='ocrx_word' id='word_1_266' title='bbox 851 4139 917 4196; x_wconf 90' lang='lat' dir='ltr'>et</span> <span class='ocrx_word' id='word_1_267' title='bbox 972 4128 1164 4195; x_wconf 90' lang='lat' dir='ltr'>tertia</span> <span class='ocrx_word' id='word_1_268' title='bbox 1228 4127 1659 4214; x_wconf 88' lang='lat' dir='ltr'>continentur,</span> <span class='ocrx_word' id='word_1_269' title='bbox 1723 4126 1946 4194; x_wconf 84' lang='lat' dir='ltr'>referri</span> <span class='ocrx_word' id='word_1_270' title='bbox 1994 4148 2116 4194; x_wconf 92' lang='lat' dir='ltr'>non</span> <span class='ocrx_word' id='word_1_271' title='bbox 2166 4147 2354 4212; x_wconf 88' lang='lat' dir='ltr'>posse</span> <span class='ocrx_word' id='word_1_272' title='bbox 2401 4127 2486 4194; x_wconf 90' lang='lat' dir='ltr'>ad</span> <span class='ocrx_word' id='word_1_273' title='bbox 2531 4129 2786 4196; x_wconf 81' lang='lat' dir='ltr'>Anaxa·</span> 
     </span>
    </p>
   </div>
   <div class='ocr_carea' id='block_1_7' title="bbox 352 4233 2787 4424">
    <p class='ocr_par' dir='ltr' id='par_1_7' title="bbox 352 4233 2787 4424">
     <span class='ocr_line' id='line_1_37' title="bbox 352 4233 2787 4322; baseline 0.001 -22"><span class='ocrx_word' id='word_1_274' title='bbox 352 4253 594 4320; x_wconf 89' lang='lat' dir='ltr'>goram,</span> <span class='ocrx_word' id='word_1_275' title='bbox 644 4234 823 4300; x_wconf 89' lang='lat' dir='ltr'>cuius</span> <span class='ocrx_word' id='word_1_276' title='bbox 856 4236 1031 4302; x_wconf 89' lang='lat' dir='ltr'>nulla</span> <span class='ocrx_word' id='word_1_277' title='bbox 1062 4233 1320 4321; x_wconf 86' lang='lat' dir='ltr'>quidem</span> <span class='ocrx_word' id='word_1_278' title='bbox 1352 4233 1432 4301; x_wconf 86' lang='lat' dir='ltr'>de</span> <span class='ocrx_word' id='word_1_279' title='bbox 1470 4235 1661 4302; x_wconf 87' lang='lat' dir='ltr'>rebus</span> <span class='ocrx_word' id='word_1_280' title='bbox 1707 4233 1987 4319; x_wconf 85' lang='lat' dir='ltr'>politicis</span> <span class='ocrx_word' id='word_1_281' title='bbox 2034 4244 2143 4301; x_wconf 84' lang='lat' dir='ltr'>aut</span> <span class='ocrx_word' id='word_1_282' title='bbox 2187 4233 2567 4320; x_wconf 84' lang='lat' dir='ltr'>theologicis</span> <span class='ocrx_word' id='word_1_283' title='bbox 2616 4237 2787 4322; x_wconf 81' lang='lat' dir='ltr'>frag-</span> 
     </span>
     <span class='ocr_line' id='line_1_38' title="bbox 354 4349 971 4424; baseline 0.005 -18"><span class='ocrx_word' id='word_1_284' title='bbox 354 4349 569 4408; x_wconf 89' lang='lat' dir='ltr'>menta</span> <span class='ocrx_word' id='word_1_285' title='bbox 613 4351 971 4424; x_wconf 82' lang='lat' dir='ltr'>supersunt.</span> 
     </span>
    </p>
   </div>
  </div>
 </body>
</html>
