3117 4700
1580 156 1621 217 9

1441 248 1503 254 -,-
1528 248 1533 252 ,
1554 245 1610 249 .-,
1631 244 1763 250 .,-....-,,-.

356 373 495 419 rem
552 352 771 419 facete
832 371 977 419 eum
1037 350 1409 436 perstrinxit
1435 350 1504 437 ¹).
1597 348 1973 435 Euripidem
2034 356 2250 417 autem
2314 370 2395 417 ex
2440 350 2638 417 variis
2693 348 2823 417 dis-

358 458 618 545 ciplinis
665 458 1094 542 quodcunque
1141 458 1416 526 maxime
1475 478 1620 524 eum
1666 458 1883 543 specie
1930 456 2219 525 veritatis
2265 457 2497 543 movit,
2558 460 2819 542 libasse,

358 566 555 632 etiam
602 565 727 632 hoc
776 565 1165 652 Originis
1212 567 1352 633 loco
1402 564 1483 651 (c.
1519 565 1684 631 Cels
1718 565 1858 650 Vll,
1906 586 2074 632 num.
2124 565 2225 630 cit.
2269 566 2400 631 720
2447 563 2549 630 ed.
2582 565 2821 650 Migne,

358 674 685 759 Aristoph.
732 672 892 741 Ach.
940 694 1001 759 p.
1050 672 1212 759 391)
1277 673 1754 757 comprobatur:
1825 658 2180 759 Εὐριπίδης
2226 668 2300 736 δὲ
2343 659 2476 739 ὑπὸ
2519 658 2819 757 Ἀριστο-

358 771 603 866 φόνοις
634 781 1042 868 κωμῳδεῖται
1076 770 1164 857 ὡς
1194 766 1687 902 ἆκαιρορρήμων
1718 773 1830 845 διὰ
1852 772 1929 845 τὸ
1954 769 2277 855 πολλάκις
2301 776 2821 866 περιτεθεικέναι

355 878 586 972 λόγοις
647 878 1025 973 δογμάτων,
1090 872 1178 952 ὧν
1237 873 1375 952 ἀπὸ
1429 873 1862 973 Ἀναξαγόρου
1921 875 1965 973 ἤ
2028 906 2263 961 τινος
2331 878 2603 968 ε’μαθε
2663 888 2820 952 τῶν

356 994 654 1080 σοφῶν,
701 984 1054 1081 βαρβάροις
1101 983 1454 1078 γυναιξὶν’
1429 984 1473 1079 ἠ
1521 989 1821 1069 οἰκέταις.

537 1115 673 1183 Sed
720 1124 792 1182 nt
837 1117 1422 1202 praetermittamus
1470 1115 1686 1181 omnia
1744 1116 1857 1182 illa
1916 1114 2313 1201 testimonia,
2373 1136 2539 1200 quae
2585 1137 2699 1201 per
2746 1137 2818 1185 se

358 1223 499 1309 ipsa
560 1223 724 1290 satis
782 1222 938 1309 sint,
1003 1232 1075 1290 ut
1136 1224 1322 1291 nobis
1387 1242 1767 1308 persuasum
1826 1222 1937 1310 sit,
1999 1221 2372 1307 Euripidem
2434 1244 2562 1288 non
2608 1224 2816 1290 solum

356 1331 786 1414 Anaxagorae
832 1329 1219 1417 discipulum
1265 1330 1496 1414 fuisse,
1563 1329 1682 1396 sed
1728 1329 1923 1396 etiam
1969 1349 2111 1395 cum
2159 1327 2372 1395 studio
2421 1327 2699 1413 quodam
2749 1331 2813 1396 in

358 1437 792 1503 Heracliteam
823 1456 892 1502 se
923 1436 1254 1504 abdidisse
1286 1435 1778 1522 philosophiam,
1827 1435 2036 1520 magis
2084 1435 2245 1515 haec
2276 1436 2597 1502 sententia
2628 1437 2812 1503 nobis

356 1543 733 1627 probabitur
779 1544 1315 1628 perlustrantibus
1359 1564 1469 1609 eos
1500 1542 1830 1627 Euripidis
1860 1544 2055 1627 locos»,
2105 1542 2392 1626 quicum
2425 1544 2813 1612 necessitate

354 1650 634 1733 quadam
699 1650 1133 1717 Heracliteam
1202 1650 1649 1735 philosophiae
1717 1650 2032 1716 rationem
2100 1649 2393 1733 attigisse
2461 1649 2811 1719 declarant.

354 1756 537 1835 Quae
586 1756 952 1823 coniunctio
1000 1778 1077 1824 eo
1123 1758 1335 1823 minus
1381 1757 1447 1821 in
1496 1776 1650 1823 casu
1710 1757 1923 1841 posita
1968 1776 2110 1822 esse
2155 1754 2436 1841 videtur,
2497 1778 2623 1839 quo
2671 1758 2812 1824 dili-

352 1862 611 1947 gentius
674 1863 1019 1948 Euripides
1082 1863 1395 1930 Heracliti
1458 1864 1691 1929 librum
1752 1863 2105 1947 perlegisse
2171 1871 2365 1945 atque
2431 1865 2811 1948 cognovisse

351 1970 646 2054 traditur,
695 1968 1198 2037 familiarissimo
1232 1990 1385 2037 usus
1421 1972 1704 2056 Socrate,
1738 1971 1849 2054 qui
1884 1970 2193 2053 omnibus,
2243 1970 2307 2035 in
2342 1970 2563 2055 primis
2594 1979 2809 2037 autem

349 2076 774 2142 familiaribus
820 2077 956 2143 suis
1003 2077 1397 2143 Heraclitum
1444 2077 1826 2161 exponebat.
1918 2077 2059 2142 Etsi
2105 2084 2319 2141 autem
2375 2075 2695 2143 interdum
2741 2077 2808 2143 in

349 2182 546 2249 dnbio
595 2203 741 2249 esse
787 2190 1019 2267 potest,
1071 2190 1278 2249 utrum
1311 2183 1641 2268 Euripidis
1686 2184 1864 2249 locus
1901 2182 1984 2247 ad
2018 2185 2468 2266 Anaxagoram
2497 2182 2545 2269 2)
2593 2205 2678 2249 an
2725 2186 2811 2250 ad

350 2288 747 2356 Heraclitum
807 2289 1184 2357 referendus
1247 2289 1358 2374 sit,
1423 2309 1692 2373 quorum
1752 2289 1940 2356 alteri
2002 2290 2201 2355 multa
2259 2290 2388 2356 sint
2450 2292 2810 2359 communia

350 2417 490 2462 cum
552 2396 793 2480 altero,
856 2404 1070 2462 tamen
1133 2396 1449 2479 quaedam
1513 2396 1950 2481 inveniuntur,
2016 2416 2181 2479 quae
2247 2395 2421 2462 haud
2484 2394 2679 2465 dubie
2727 2420 2808 2464 ex

346 2502 662 2569 Heracliti
709 2503 927 2569 libello
976 2502 1251 2587 repetita
1298 2511 1477 2589 sunt,
1542 2504 1679 2570 sive
1725 2502 2036 2568 Heracliti
2100 2509 2373 2568 mentem
2422 2501 2560 2570 sive
2607 2505 2809 2572 verba

346 2617 731 2693 spectamus.

524 2734 680 2799 lllos
742 2733 942 2818 igitur
1002 2735 1177 2800 locos
1247 2735 1648 2802 excutientes
1710 2733 2044 2820 aptissime
2107 2752 2539 2818 supponemus
2609 2735 2805 2821 illam,

345 2860 539 2922 quam
586 2838 849 2907 exhibet
894 2839 1223 2924 Diogenes
1271 2842 1341 2907 L.
1394 2841 1538 2928 (IX,
1586 2841 1661 2927 5)
1712 2841 1857 2907 libri
1906 2840 2293 2927 tripartitam
2341 2840 2720 2910 divisionem
2744 2867 2758 2908 ε

572 2965 618 3028 1.
667 2955 910 3051 λόγος
956 2964 1136 3052 περὶ
1182 2968 1323 3031 τοῦ
1370 2956 1719 3045 παντός,

537 3072 616 3135 11.
664 3060 912 3157 λόγος
958 3064 1448 3152 πολιτικός,

500 3178 615 3242 111.
662 3168 912 3263 λόγος
957 3170 1482 3265 θεολογικός.

529 3389 577 3456 1)
616 3388 851 3442 Serenus
874 3390 933 3443 in
959 3389 1110 3445 Stob.
1138 3391 1294 3445 floril.
1322 3392 1384 3457 V,
1411 3395 1509 3446 82:
1550 3385 1853 3458 Εὐριπίδης
1885 3385 2244 3458 εὐδοκίμησεν
2271 3395 2335 3441 ἐν
2363 3385 2588 3459 θεάτρῳ
2613 3386 2800 3444 εἰπὼν·

351 3482 411 3528 Τι’
447 3473 493 3526 δ’
535 3470 786 3546 αἰσχρόν,
839 3474 916 3528 ἂν
959 3473 1036 3546 μὴ
1086 3485 1197 3534 τοῖς
1246 3483 1604 3548 κεχρτυμένοις
1647 3473 1812 3551 δοκῇς
1868 3482 1958 3530 καὶ
1995 3476 2025 3530 ὁ
2063 3472 2302 3530 Πλάτων
2338 3475 2586 3545 ἐντυχὼν
2621 3477 2800 3548 αὐτῷ·

343 3559 384 3616 α’
428 3561 722 3636 Εὐριπίδη,
765 3568 884 3635 ἔφη,
925 3564 1152 3638 αἰσχρὸν
1192 3562 1253 3619 τό
1291 3566 1338 3641 y‘
1367 3560 1609 3638 αἰσχρόν,
1651 3564 1761 3618 κᾶν
1797 3563 1932 3641 δοκῇ
1971 3563 2080 3620 κᾶν
2115 3567 2190 3636 μῆ
2229 3564 2374 3640 δοκῇ.

522 3675 577 3738 2)
616 3673 814 3740 quibus
851 3676 982 3729 locis
1008 3676 1293 3746 Euripides
1316 3677 1692 3744 Anaxagoram
1717 3677 2055 3746 respexisset,
2093 3676 2459 3731 Valkenaerus
2484 3678 2541 3732 in
2567 3679 2798 3734 diatriba

343 3779 439 3815 sua
477 3761 775 3826 tractabat,
827 3764 919 3818 sed
967 3765 1183 3834 longius
1234 3782 1544 3836 progressus
1593 3771 1700 3830 est,
1752 3782 1874 3820 cum
1910 3765 2179 3820 Heracliti
2217 3765 2526 3834 fragmenta
2562 3769 2796 3824 nondum

342 3849 640 3918 diligenter
675 3851 901 3906 collecta
938 3859 1100 3923 atque
1144 3861 1389 3925 respecta
1425 3859 1623 3910 essent.

1412 4109 1423 4114 -
1446 4108 1870 4118 --Μ
