3117 4700
1469 211 1546 276 21

291 412 357 470 et
400 405 696 490 respicit:
744 403 853 471 καὶ
901 396 1280 494 φασκούσας
1326 391 1401 470 οὗ
1448 404 1562 492 ζῆν
1606 399 1683 470 τὸ
1729 404 1845 493 ζῆν
1890 406 2075 489 (Rau.
2128 405 2345 494 1082).
2423 406 2738 475 Adrastus

294 511 547 579 beatam
593 532 736 579 esse
783 512 1028 579 iudicat
1071 511 1360 579 Alcestin
1407 532 1522 596 pro
1571 532 1640 578 se
1688 519 2035 578 mortuam:

614 614 828 699 Φίλοι,
874 611 1171 705 γυναικὸς
1216 603 1465 700 δαίμον’
1516 604 2104 706 εὐτυχέστερον

609 711 853 807 τοῦμοῦ
897 720 1154 808 νομίζω,
1203 720 1505 807 καίπερ
1551 711 1636 790 οὗ
1694 711 2075 791 δοκοῦνθ’
2128 717 2376 809 ὅμως·

608 833 727 919 τῆς
769 829 888 915 μὲν
931 825 1052 920 γὰρ
1099 818 1283 897 οῦδὲν
1308 819 1523 917 {imag
1568 824 1814 917 ἕψεταί
1861 853 2044 915 ποτε,

611 938 876 1005 πολλῶν
922 937 994 1004 δὲ
1036 930 1305 1023 μόχθων
1348 925 1608 1026 εὐκλεὴς
1652 928 2084 1004 ἐπαύσατο
2131 937 2297 1025 (Alc.
2343 939 2525 1027 935).

468 1045 774 1111 Homines
820 1053 969 1129 post
1014 1052 1282 1111 mortem
1328 1052 1561 1127 manet,
1610 1044 1786 1129 quod
1831 1065 2036 1128 neque
2068 1055 2328 1130 sperent
2362 1067 2569 1131 neque
2603 1067 2732 1114 cre-

294 1150 481 1235 dant,
543 1159 609 1216 et
672 1160 742 1217 ut
800 1151 1085 1237 explicat
1128 1151 1438 1219 Heracliti
1492 1151 1880 1218 sententiam⁸
1922 1152 2315 1221 Themistius
2343 1154 2509 1241 ,(ap.
2559 1154 2738 1220 Stob.

293 1257 482 1324 floril.
515 1258 715 1341 CXX,
764 1258 902 1343 28),
948 1259 1006 1325 si
1051 1258 1196 1342 quis
1242 1258 1568 1324 hominum
1613 1259 1843 1324 animis
1875 1258 2265 1342 persuadere
2295 1268 2534 1345 posset,
2584 1260 2740 1344 quid

294 1371 577 1432 mortuos
608 1374 911 1449 maneret,
961 1366 1137 1431 nulla
1181 1385 1250 1431 re
1287 1364 1395 1430 hic
1424 1366 1848 1432 retinerentur
1895 1351 2321 1451 (ἀνθρώπους
2350 1364 2522 1450 μένει
2568 1354 2740 1434 ἄπο-

293 1462 639 1549 θανόντας,
686 1463 856 1537 ἅσσα
903 1459 1020 1537 οὔκ
1063 1466 1379 1537 ἓλπονται
1424 1458 1574 1537 οὐδὲ
1610 1468 1928 1555 δοκέουσι,
1978 1471 2126 1538 Soh.
2158 1474 2234 1538 fr.
2270 1476 2385 1555 693
2433 1473 2512 1539 cf.
2544 1472 2736 1540 etiam

292 1576 440 1642 Sch.
488 1578 563 1643 fr.
614 1579 922 1660 70—71).
1000 1577 1308 1644 Similiter
1354 1577 1694 1662 Euripides
1740 1586 1960 1644 censet
2003 1578 2204 1644 vitam
2247 1578 2527 1647 futuram
2572 1599 2737 1665 esse,

293 1703 458 1767 quae
505 1685 740 1769 lateat3
805 1692 1197 1770 quapropter
1241 1683 1420 1750 multi
1464 1692 1805 1750 vereantur
1850 1705 1931 1751 ex
1978 1685 2134 1770 hac,
2195 1706 2364 1769 quae
2409 1687 2586 1752 nulla
2631 1685 2737 1769 sit,

292 1789 427 1857 vita
471 1789 680 1857 exire:

610 1897 756 1974 Πᾶς
802 1883 866 1962 δ’
917 1884 1222 1985 ὀδυνηρὸς
1267 1892 1411 1982 βίος
1455 1884 1828 1985 ἀνθρώπων

610 1989 767 2068 κοῦκ
812 1995 951 2069 ἔστι
999 1994 1270 2068 πόνων
1315 1990 1789 2082 ἀνάπαυσις

612 2108 813 2194 (mors
861 2109 1115 2176 demum
1161 2118 1261 2176 est
1306 2097 1690 2192 ἀνάπαυσις,
1739 2114 1816 2178 cf.
1864 2112 2010 2178 Sch.
2060 2114 2132 2178 fr.
2184 2113 2496 2198 71—73.)

609 2201 748 2280 ἄλλ’
800 2207 837 2281 o'
880 2240 943 2280 τι
991 2217 1137 2282 τοῦ
1182 2216 1315 2303 ζῆν
1359 2212 1769 2305 φίλτερον
1814 2208 2011 2284 ἄλλο

609 2313 913 2401 σκότος
957 2309 1404 2408 ἆμπίσχων
1449 2315 1811 2413 κρύπτει
1857 2322 2290 2414 νεφέλαις·

608 2426 957 2516 δισέρωτες
1001 2424 1079 2517 δὴ
1131 2418 1479 2519 φαινόμεθ
1530 2421 1710 2509 ὄντες

611 2522 820 2616 τοῦδ’,
868 2529 905 2603 ὅ
949 2560 1029 2600 τι
1073 2539 1323 2603 τοῦτο
1368 2533 1704 2624 στίλβει
1751 2533 1958 2603 κατὰ
2004 2538 2189 2625 γῆν,

613 2629 693 2707 δι’
745 2630 1173 2730 απειροσῦνην
1217 2635 1466 2710 όὶλλου
1510 2636 1801 2731 βιότοι

611 2772 769 2815 κουκ
814 2736 1148 2829 απόδειξιν
1192 2751 1321 2816 τῶν
1364 2740 1487 2816 ὖπε
1541 2746 1765 2837 γαίας·

614 2847 855 2937 μύθοις
900 2844 965 2922 δ’
1016 2848 1230 2935 ἄλλως
1274 2849 1656 2946 φερόμεσθα
1684 2859 1727 2939 “)
1776 2858 2062 2944 (Hippol.
2120 2856 2290 2940 189).

290 2961 397 3028 Ad
443 2962 819 3029 novissimos
864 2983 1088 3031 versus
1135 2964 1357 3032 referri
1404 2971 1675 3050 possunt
1719 2965 1912 3031 etiam
1957 2964 2060 3030 hi:

507 3064 583 3135 τὸ
630 3068 741 3157 ζῆν
772 3064 890 3157 γὰρ
920 3066 1124 3155 ι’σμεν,
1172 3073 1290 3138 τοῖ’
1319 3075 1547 3138 θανεῖν
1593 3058 1659 3137 δ
1710 3058 1979 3159 ἀπειρίᾳ

508 3177 640 3253 πᾶς
684 3199 785 3255 τις
830 3182 1132 3265 φοβεῖται
1181 3181 1322 3267 φῶς
1367 3178 1585 3244 λιπεῖν
1629 3165 1774 3244 τόδ
1827 3167 2014 3265 ἦλίοι
2068 3175 2173 3264 (Ν.
2221 3178 2295 3243 fr.
2345 3177 2523 3262 813),

293 3283 528 3368 quibus
576 3282 792 3368 opinio
837 3284 1122 3369 vulgaris
1168 3284 1474 3370 redditur,
1523 3285 1614 3351 ita
1660 3292 1730 3351 ut
1775 3284 1973 3352 verba
2004 3283 2312 3351 Heracliti
2344 3281 2735 3350 Themistius

292 3388 593 3476 explicat.

1446 3500 1486 3580 ξ
1531 3499 1593 3563 5.

475 3621 681 3687 Homo
726 3629 1011 3688 mortuus
1058 3621 1409 3688 exstinctus
1455 3629 1572 3706 est,
1621 3629 1691 3689 ut
1736 3622 1828 3688 ait
1874 3621 2268 3689 Heraclitus:

507 3717 862 3815 ἅνθρωπος
904 3715 1268 3794 ἀποθανὼν
1312 3716 1754 3814 ἆποσβεσθείς
1798 3728 1974 3814 (Sch.
2021 3727 2095 3794 fr.
2143 3726 2262 3814 91)
2307 3734 2374 3795 et

507 3825 891 3920 ἅνθρωπος,
954 3827 1120 3914 ὅκως
1189 3833 1257 3902 ἐν
1310 3822 1588 3925 εὖφρόνῃ
1651 3826 1851 3924 φάος,
1920 3827 2200 3902 ἅπτεται
2259 3822 2735 3922 ἀποσβέννυται

479 4013 527 4080 1)
564 4013 639 4068 Hi
676 4029 861 4066 versus
894 4017 953 4067 et
986 4029 1147 4084 supra
1183 4013 1337 4068 allati
1376 4011 1463 4082 (fr.
1490 4015 1597 4068 830
1620 4016 1677 4066 ot
1697 4017 1800 4068 639
1839 4015 1920 4066 τίς
1957 4005 2012 4061 δ’
2054 4005 2204 4062 οἶδεν
2241 4006 2369 4080 κτλ)
2405 4012 2556 4066 nullo
2580 4010 2734 4066 modo

293 4102 361 4158 ad
388 4101 761 4170 Anaxagoram
798 4101 985 4157 referri
1022 4107 1265 4172 possunt,
1305 4103 1399 4173 qui
1436 4107 1651 4172 praeter
1685 4118 1844 4172 quam
1883 4100 2026 4171 quod
2063 4116 2326 4170 nusquam
2356 4105 2540 4171 aperte
2576 4099 2731 4166 dixit,

295 4192 535 4246 animum
572 4196 694 4262 post
730 4195 953 4246 mortem
992 4209 1301 4246 mansurum
1338 4208 1469 4253 esee,
1508 4209 1572 4246 ex
1610 4196 1726 4247 tota
1763 4190 2132 4262 philosophiae
2163 4206 2290 4244 suae
2316 4191 2520 4245 ratione
2546 4189 2734 4245 docere

298 4299 403 4336 non
442 4282 636 4351 potuit,
676 4280 943 4336 hominem
980 4289 1095 4352 post
1133 4285 1358 4336 mortem
1396 4282 1562 4335 vitam
1596 4281 1910 4336 continuare
1947 4283 2107 4349 atque
2141 4295 2320 4334 voram
2355 4279 2732 4350 melioremque

296 4371 534 4442 incipere
570 4371 786 4442 propria
819 4387 917 4426 sua
952 4375 1265 4426 conservata
1302 4373 1514 4424 natura.
