3117 4700
354 876 459 949 In
518 884 951 974 quantum
1003 878 1451 962 Euripides
1505 878 1914 949 Heracliti
1984 879 2388 952 rationem
2442 880 2818 952 auctori-

1051 1024 1519 1115 tatemque
1573 1020 2122 1115 susceperit.

536 1336 695 1403 Cum
750 1336 1107 1420 antiquitus
1168 1337 1478 1402 obscurus
1539 1335 1650 1403 ille
1715 1335 2134 1422 philosophus
2189 1337 2510 1423 Ephesius
2563 1336 2814 1405 animos

351 1444 703 1527 oculosque
748 1451 814 1511 et
859 1441 1391 1529 philosophorum
1438 1449 1504 1509 et
1549 1442 2024 1528 philologorum
2067 1443 2137 1509 in
2182 1463 2254 1511 se
2302 1444 2635 1529 convertit,
2683 1451 2817 1511 tum

351 1549 722 1618 novissimis
798 1549 986 1616 annis
1063 1550 1147 1615 ab
1222 1549 1579 1634 ingeniosis
1655 1550 1845 1634 viris,
1940 1549 2009 1614 in
2081 1549 2327 1639 'quibus
2402 1550 2815 1637 Bernaysius,

351 1655 757 1742 Schusterus,
808 1656 1358 1723 Teichmuellerus
1405 1657 1758 1741 excellunt,
1808 1656 1947 1723 eius
1992 1655 2362 1740 fragmenta
2405 1656 2498 1723 ita
2543 1664 2818 1725 tractata

348 1771 547 1846 atque
578 1765 914 1831 enucleata
944 1771 1112 1848 sunt,
1161 1771 1229 1830 ut
1262 1783 1342 1830 ea
1373 1763 1563 1846 quasi
1592 1763 2014 1831 fundamenta
2050 1762 2199 1829 aliis
2231 1770 2426 1847 atque
2473 1764 2815 1831 subtilibus

349 1870 840 1954 quaestionibus
885 1889 1057 1946 esse„
1075 1869 1346 1955 possint.
1423 1869 1574 1935 Jam
1621 1890 1663 1935 a
1707 1869 2035 1936 veteribus
2077 1869 2187 1935 ille
2218 1870 2481 1937 summis
2514 1871 2815 1938 laudibus

350 1976 819 2045 celebrabatur..
848 1984 915 2044 et
959 1975 1253 2043 homines
1300 1975 1537 2042 eruditi
1584 1975 2011 2061 posteriorum
2042 1975 2442 2042 saeculorum
2480 1977 2710 2044 iterum
2738 1999 2817 2045 ac

348 2081 612 2168 saepius
671 2084 848 2150 locos
911 2083 996 2148 ab
1059 2103 1138 2149 eo
1195 2082 1505 2168 repetitos
1550 2083 1843 2149 afferunt.
1934 2081 2265 2166 Diogenes
2310 2101 2465 2149 vero
2510 2085 2806 2151 Laertius

350 2190 499 2275 (IX,
547 2188 618 2276 6)
663 2189 880 2274 refert,
929 2189 1339 2274 disciplinam
1370 2188 1695 2272 quandam
1727 2189 2235 2256 Heracliteorum
2267 2187 2420 2257 inde
2452 2191 2806 2275 profectam

349 2315 517 2382 esse,
563 2295 664 2363 cui
709 2296 969 2381 quidem
1015 2295 1382 2364 testimonio
1430 2315 1541 2363 cur
1586 2295 1782 2363 fidem
1828 2316 1956 2364 non
2002 2294 2355 2363 habeamus
2402 2316 2600 2364 causa
2629 2298 2807 2364 nulla

348 2404 602 2489 subest,
665 2403 1047 2489 praesertim
1106 2422 1302 2487 quum
1355 2402 1483 2488 ipsi
1529 2403 1893 2490 sophistae,
1957 2413 2030 2473 ut
2073 2405 2464 2489 Protagoras
2526 2404 2711 2489 (Zell.
2758 2406 2810 2490 1,

350 2508 511 2595 675)
580 2519 648 2579 et
715 2509 906 2577 stoici
940 2511 993 2596 ¹)
1063 2529 1184 2577 sua
1243 2509 1485 2595 placita
1546 2510 1672 2577 huc
1728 2512 2007 2579 maxime
2076 2509 2302 2578 referri
2368 2509 2808 2596 profiteantur.

349 2616 523 2696 Quid
552 2617 801 2700 mirum,
849 2616 905 2684 si
950 2616 1080 2682 iam
1126 2616 1414 2684 eiusdem
1445 2617 1681 2684 aetatis
1711 2617 2003 2686 homines
2034 2625 2389 2704 praecepta
2418 2624 2486 2684 et
2514 2617 2812 2684 instituta

347 2724 487 2791 eius
532 2724 601 2791 in
647 2745 756 2791 ore
802 2722 1127 2790 habebant
1174 2743 1521 2806 omnesque
1571 2724 1806 2791 Graeci
1854 2724 2089 2792 eruditi
2136 2723 2501 2791 reverentia
2529 2723 2810 2805 quadam

346 2829 601 2897 subtilis
647 2831 769 2896 viri
814 2830 1059 2915 ingenii
1090 2837 1286 2913 atque
1316 2830 1744 2897 admiratione
1778 2832 1950 2918 capti
1986 2832 2165 2897 illum
2199 2830 2281 2897 de
2316 2837 2548 2897 natura
2578 2830 2810 2896 librum

346 2936 667 3023 legebant.
744 2936 951 3016 Quem
983 2937 1207 3004 Crates
1240 2935 1522 3022 quidam,
1557 2945 1628 3004 ut
1657 2945 1882 3005 auctor
1912 2946 2013 3005 est
2046 2938 2373 3023 Diogenes
2403 2938 2477 3003 L.
2511 2938 2656 3023 (1x,
2698 2935 2809 3024 12)

345 3043 414 3110 in
446 3042 789 3111 Graeciam
836 3042 1070 3111 detulit
1114 3063 1193 3111 eo
1238 3043 1384 3128 ipso
1422 3051 1732 3129 tempore,
1780 3064 1974 3129 quum
2007 3043 2290 3112 studium
2323 3043 2482 3110 artis
2513 3044 2809 3111 scenicae

345 3159 411 3218 et
456 3149 907 3236 philosophiae
938 3149 1208 3217 Periclis
1253 3149 1643 3218 liberalitate
1688 3160 1947 3219 auctum
1993 3151 2084 3217 ibi
2127 3150 2532 3219 efflorescere
2579 3149 2807 3236 coepit.

343 3260 771 3341 Anaxagoras
832 3256 1002 3324 enim
1062 3255 1470 3343 disceptandi
1531 3257 1781 3325 ratione
1825 3260 2133 3344 populum
2179 3256 2433 3324 erudire
2480 3255 2807 3342 studebat,

344 3362 520 3446 quod
551 3362 894 3448 Euripides
927 3364 1183 3432 fabulas
1215 3362 1506 3432 docendo
1537 3363 1800 3431 efficere
1829 3366 2049 3431 voluit.
2130 3366 2555 3448 Anaxagoras
2590 3371 2807 3430 autem

343 3468 622 3553 quodam
666 3469 858 3538 modo
904 3471 1277 3539 Jonieorum
1320 3469 1792 3556 philosophiam
1855 3472 2214 3538 naturalem
2273 3469 2562 3538 traduxit
2607 3478 2805 3554 atque

342 3579 657 3643 convertit
716 3576 803 3643 ad
867 3578 1041 3644 illam
1101 3576 1552 3664 philosophiae
1612 3585 1862 3663 partem
1908 3576 2316 3646 dialecticam
2363 3584 2429 3644 et
2475 3580 2802 3662 moralem,

343 3702 511 3766 quae
572 3683 636 3749 in
684 3684 962 3752 Graecia
1021 3685 1168 3771 ipsa
1226 3682 1574 3770 praecipue
1630 3705 1672 3751 a
1719 3683 2018 3769 Socrate,
2088 3685 2392 3769 Platone,
2453 3683 2805 3751 Aristotele

343 3790 599 3856 exculta
642 3798 837 3874 atque
884 3791 1176 3875 perfecta
1217 3799 1333 3859 est.
1414 3790 1761 3857 Maximam
1808 3800 2024 3858 autem
2068 3799 2317 3876 partem
2347 3790 2801 3876 philosophiae

341 3914 528 3980 suae,
582 3896 873 3982 inprimis
918 3897 1288 3984 physicam,
1351 3918 1544 3981 quam
1591 3899 1796 3965 solam
1842 3898 1977 3965 fere
2024 3897 2394 3983 excolebat,
2451 3916 2532 3964 ex
2577 3897 2797 3983 physi-

342 4021 584 4088 corum,
631 4024 793 4087 quos
840 4003 1093 4092 dicunt,
1143 4005 1454 4074 doctrinis
1502 4005 1799 4091 repetiit3
1863 4005 2019 4088 quin
2066 4004 2263 4072 etiam
2310 4023 2477 4087 quae
2524 4003 2606 4070 de
2653 4023 2796 4083 par-

342 4107 555 4178 ticulis
602 4109 770 4179 inter
814 4131 885 4178 se
933 4111 1247 4181 similibus
1274 4111 1327 4199 ²)
1377 4110 1670 4198 tradidit,
1725 4111 2122 4195 aliquantum
2169 4110 2253 4178 ab
2301 4109 2429 4178 illis
2475 4119 2804 4178 mutuatus

524 4289 572 4356 1)
612 4293 674 4344 ut
709 4290 791 4343 ait
824 4290 991 4344 etiam
1029 4288 1140 4345 cie.
1180 4289 1245 4344 de
1284 4293 1396 4344 nat.
1435 4288 1579 4343 deor.
1619 4287 1722 4354 111,
1765 4293 1848 4354 11,
1886 4293 1971 4344 35.

518 4379 573 4448 2)
610 4377 674 4432 ‹le
712 4377 815 4432 hac
851 4375 1127 4434 Ciceronis
1164 4378 1406 4432 versione
1446 4377 1594 4432 verbi
1633 4375 2000 4448 ὁμοιομέρειαι
2039 4396 2086 4433 v.
2124 4377 2254 4434 Zeu.
2293 4377 2338 4444 1,
2375 4381 2484 4435 880
2522 4377 2644 4434 adn.
2693 4383 2738 4431 1.
