3117 4700
1216 1055 1918 1171 Praefatio.

515 1473 936 1569 Quamquam
991 1480 1059 1545 et
1113 1472 1202 1544 de
1239 1472 1574 1568 Euripide
1629 1476 1698 1543 et
1752 1472 1840 1543 de
1880 1471 2230 1543 Heraclito
2268 1495 2420 1544 cum
2454 1473 2796 1569 prioribus

334 1598 771 1696 temporibuS,
823 1604 970 1670 tum
1004 1598 1138 1669 hoc
1174 1598 1448 1669 saeculo
1503 1603 1601 1668 tot
1653 1595 1875 1667 libelli
1930 1598 2523 1692 commentariique
2560 1622 2603 1669 a
2638 1600 2797 1670 viris

335 1725 556 1796 doctis
610 1723 982 1819 conscripti
1034 1729 1208 1810 sunt,
1265 1728 1430 1816 quot
1482 1721 1671 1794 haud
1708 1722 1843 1793 scio
1883 1742 1974 1792 an
2011 1720 2099 1794 de
2132 1721 2323 1793 nullo
2362 1722 2517 1808 alio,
2572 1729 2799 1795 tamen

337 1872 427 1920 ex
463 1848 817 1943 Euripidis
873 1870 1025 1918 cum
1080 1844 1435 1918 Heraclito
1491 1846 1997 1943 comparatione
2050 1846 2313 1940 aliquid
2364 1847 2523 1917 elici
2559 1853 2798 1942 potest,

340 1973 525 2068 quod
578 1972 781 2067 pauci
836 1970 1113 2066 quidem
1167 1972 1411 2043 leviter
1465 1972 1848 2066 attigerunt,
1904 1992 2342 2065 nequaquam
2397 1976 2622 2043 autem
2677 1995 2798 2043 ex-

338 2098 784 2194 plicaverunt.
894 2095 1146 2190 Itaque
1202 2121 1291 2168 ex
1344 2096 1576 2168 multis
1628 2096 1762 2167 illis
1815 2096 2009 2167 libris
2063 2095 2235 2166 nihil
2290 2095 2431 2168 fere
2485 2102 2799 2192 repetere

338 2222 555 2317 potui,
621 2219 810 2315 quod
863 2243 951 2291 ex
1007 2244 1084 2291 re
1138 2227 1339 2307 esset,
1416 2220 1544 2291 nisi
1600 2243 1692 2291 ex
1744 2218 2170 2291 Valkenaeri
2223 2219 2522 2292 editione
2577 2221 2803 2293 Phoe-

338 2346 673 2418 nissarum
729 2351 798 2416 et
834 2344 1179 2417 Schusteri
1234 2343 1322 2417 de
1360 2344 1690 2416 Heracliti
1746 2343 2134 2439 fragmentis
2189 2344 2421 2418 libello
2475 2346 2627 2434 (act.
2670 2371 2801 2420 soc.

341 2469 508 2565 phil.
563 2469 745 2566 Lips.
800 2467 939 2556 111,
995 2469 1179 2565 Lips.
1242 2470 1506 2562 1873),
1564 2493 1854 2564 quorum
1908 2477 2195 2565 uterque
2248 2469 2547 2543 breviter
2598 2473 2803 2568 signi-

340 2594 527 2680 ficat,
612 2594 1009 2689 Euripidem
1085 2595 1232 2666 loco
1309 2595 1603 2689 quodam
1675 2594 2003 2666 Heracliti
2033 2593 2044 2604 ’
2075 2593 2326 2666 librum
2398 2598 2798 2691 respexisse.

342 2718 696 2814 Euripidis
751 2741 932 2812 quae
988 2723 1254 2805 extant,
1309 2718 1578 2805 fabulis,
1633 2742 1756 2814 pro
1812 2718 2249 2790 fundamento
2306 2721 2502 2814 posui
2556 2720 2803 2793 Kirch-

342 2841 533 2914 hoffii
588 2842 947 2914 editionem
997 2842 1250 2922 (Berol.
1295 2842 1545 2932 1867),
1603 2842 1991 2937 fragmentis
2029 2848 2257 2915 autem
2295 2843 2801 2939 deperditarum

308 2965 730 3038 ‘fabularum
755 2967 822 3038 N
825 2966 1046 3038 auckii
1075 2966 1437 3039 editionem
1465 2966 1682 3062 (Lips.
1719 2965 1970 3055 1869).
2035 2966 2410 3040 Praeterea
2440 2967 2802 3066 Bernaysii

346 3087 891 3162 Heracliteorum
972 3092 1377 3185 particulam
1453 3092 1738 3186 primam
1823 3088 2138 3182 (Bonnae
2214 3092 2448 3186 1848)
2524 3095 2802 3189 eiusque

345 3216 520 3287 duas
573 3214 1079 3287 dissertationes
1135 3217 1325 3300 (mus,
1362 3215 1552 3287 rhen.
1591 3214 1755 3286 VII.
1793 3215 1930 3308 IX)
1987 3222 2055 3286 et
2110 3217 2198 3288 de
2245 3217 2548 3312 epistolis
2586 3217 2804 3291 Hera-

347 3338 559 3410 cliteis
613 3338 1140 3434 disputationem
1196 3338 1447 3431 (Berol.
1497 3339 1730 3428 1869)
1782 3341 2081 3436 inspexi3
2136 3342 2258 3413 etsi
2293 3340 2464 3412 nihil
2499 3341 2590 3413 ad
2625 3343 2804 3414 hanc

347 3464 969 3535 commentationem
1025 3464 1165 3559 apti
1217 3464 1291 3535 in
1344 3465 1439 3535 eis
1491 3465 1736 3551 inveni,
1791 3471 2017 3536 tamen
2071 3487 2210 3537 non
2264 3465 2455 3562 potui
2488 3488 2625 3538 non
2679 3468 2799 3540 ad-

346 3587 579 3659 mirari
648 3610 805 3659 acre
868 3587 1050 3658 illius
1104 3587 1230 3658 viri
1297 3588 1658 3683 ingenium.
1764 3587 1989 3661 Etiam
2042 3590 2420 3685 fragmenta
2471 3590 2804 3663 Heracliti

350 3735 395 3782 a
430 3709 793 3806 Bywatero
849 3712 1353 3806 diligentissime
1409 3713 1693 3785 collecta
1735 3716 2030 3809 respexi.
2121 3713 2259 3788 Sed
2312 3715 2385 3785 in
2438 3715 2546 3787 his
2599 3716 2805 3789 rebus

349 3834 802 3931 explanandis
838 3859 939 3924 ea,
986 3858 1164 3930 quae
1201 3836 1609 3910 Schusterus
1646 3837 1734 3909 de
1774 3836 2121 3911 Heraclito
2160 3845 2400 3934 argute
2434 3840 2802 3935 lepideque

349 3959 691 4045 disseruit,
772 3960 1135 4033 maximam
1205 3967 1471 4057 partem
1542 3963 1834 4058 suscepi,
1915 3964 2176 4035 etiamsi
2246 3963 2592 4036 interdum
2663 3965 2804 4035 eius

350 4082 655 4156 ordinem
711 4091 917 4178 atque
970 4083 1295 4156 rationem
1350 4085 1421 4156 in
1476 4086 1806 4158 Heracliti
1871 4085 2270 4183 fragmentis
2325 4088 2806 4183 componendis

351 4217 420 4279 et
485 4208 912 4303 explicandis
984 4231 1125 4280 non
1194 4233 1339 4282 stun
1398 4217 1686 4283 secutus.
1794 4209 1859 4282 N
1861 4212 2183 4283 ovissimis
2237 4211 2506 4283 demum
2562 4211 2805 4285 diebus

354 4331 512 4403 mihi
568 4331 863 4425 contigit,
918 4338 994 4403 ut
1047 4332 1570 4406 Teichmuelleri
1628 4334 1715 4405 de
1771 4334 2123 4406 Heraclito
2178 4338 2802 4472 commentationem

2415 4442 2442 4502 1
